,Date,Stock Price,Book Value per Share,Price to Book Ratio,TTM Sales per Share,Price to Sales Ratio,TTM FCF per Share,Price to FCF Ratio,TTM Net EPS,PE Ratio,Current Assets,Current Liabilities,Current Ratio,Long Term Debt,Shareholder's Equity_x,Debt to Equity Ratio,TTM Revenue_x,TTM Gross Profit,Gross Margin,TTM Revenue_y,TTM Operating Income,Operating Margin,TTM Revenue_x,TTM EBIT,EBIT Margin,TTM Revenue_y,TTM EBITDA,EBITDA Margin,TTM Revenue_x,TTM Pre-Tax Income,Pre-Tax Margin,TTM Revenue_y,TTM Net Income_x,Net Margin,TTM Net Income_y,Shareholder's Equity_y,Return on Equity,TTM Net Income_x,Tangible Equity,Return on Tangible Equity,TTM Net Income_y,Total Assets,Return on Assets,TTM Net Income,LT Investments & Debt,Return on Investment,revenue,cost-goods-sold,gross-profit,research-development-expenses,selling-general-administrative-expenses,operating-expenses,operating-income,total-non-operating-income-expense,pre-tax-income,total-provision-income-taxes,income-after-taxes,income-from-continuous-operations,net-income,ebitda,ebit,basic-shares-outstanding,shares-outstanding,eps-basic-net-earnings-per-share,eps-earnings-per-share-diluted,cash-on-hand,inventory,other-current-assets,total-current-assets,net-property-plant-equipment,long-term-investments,goodwill-intangible-assets-total,other-long-term-assets,total-long-term-assets,total-assets,total-current-liabilities,long-term-debt,other-non-current-liabilities,total-long-term-liabilities,total-liabilities,common-stock-net,retained-earnings-accumulated-deficit,comprehensive-income,total-share-holder-equity,total-liabilities-share-holders-equity,net-income-loss,total-depreciation-amortization-cash-flow,other-non-cash-items,total-non-cash-items,change-in-accounts-receivable,change-in-inventories,change-in-accounts-payable,change-in-assets-liabilities,total-change-in-assets-liabilities,cash-flow-from-operating-activities,net-change-in-property-plant-equipment,net-change-in-intangible-assets,net-acquisitions-divestitures,net-change-in-short-term-investments,net-change-in-long-term-investments,net-change-in-investments-total,investing-activities-other,cash-flow-from-investing-activities,net-long-term-debt,net-current-debt,debt-issuance-retirement-net-total,net-common-equity-issued-repurchased,net-total-equity-issued-repurchased,total-common-preferred-stock-dividends-paid,financial-activities-other,cash-flow-from-financial-activities,net-cash-flow,stock-based-compensation,common-stock-dividends-paid
0,2018-09-30,160.12,$-11.56,-13.85,$9.76,16.41,$11.82,13.54,$4.09,39.15,$1.24B,$0.91B,1.35,$1.78B,$-1.40B,-1.27,$1.20B,$1.01B,84.12%,$1.20B,$0.75B,62.26%,$1.20B,$0.75B,62.26%,$1.20B,$0.79B,65.67%,$1.20B,$0.64B,52.95%,$1.20B,$0.50B,41.81%,$0.50B,$-1.40B,-38.13%,$0.50B,$-1.60B,-33.16%,$0.50B,$1.89B,20.86%,$0.75B,$0.38B,161.42%,$306,$48,$258,$14,$49,$111,$195,$-17,$178,$41,$138,$138,$138,$203,$195,$122,122,$1.13,$1.13,$1179,$0,$57,$1236,$256,$0,$198,$27,$649,$1885,$914,$1784,$301,$2372,$3286,$0,$-17272,$-3,$-1401,$1885,$400,$30,$50,$80,$0,$0,$0,$18,$-1,$479,$-30,$0,$0,$1014,$0,$1014,$-0,$984,$-1250,$0,$-1250,$-447,$-447,$0,$0,$-1697,$-234,$41,$0
1,2018-06-30,137.42,$-11.30,-12.16,$9.61,14.29,$11.88,11.57,$3.89,35.33,$1.23B,$0.92B,1.33,$1.78B,$-1.38B,-1.29,$1.19B,$1.00B,84.02%,$1.19B,$0.74B,61.82%,$1.19B,$0.74B,61.82%,$1.19B,$0.78B,65.60%,$1.19B,$0.61B,51.22%,$1.19B,$0.48B,40.37%,$0.48B,$-1.38B,-37.60%,$0.48B,$-1.58B,-32.56%,$0.48B,$1.91B,18.00%,$0.74B,$0.40B,145.19%,$302,$47,$255,$14,$48,$109,$193,$-28,$165,$37,$128,$128,$128,$203,$193,$114,123,$1.13,$1.04,$1171,$0,$58,$1229,$256,$0,$198,$27,$683,$1912,$921,$1784,$299,$2371,$3293,$0,$-17410,$-3,$-1381,$1912,$263,$22,$34,$56,$0,$0,$0,$20,$-27,$292,$-19,$0,$0,$1042,$0,$1042,$-0,$1023,$-1250,$0,$-1250,$-274,$-274,$0,$0,$-1524,$-209,$26,$0
2,2018-03-31,118.56,$-12.73,-9.31,$9.49,12.5,$12.16,9.75,$3.84,30.88,$2.41B,$1.55B,1.56,$1.78B,$-1.24B,-1.44,$1.18B,$0.99B,83.76%,$1.18B,$0.72B,60.97%,$1.18B,$0.72B,60.97%,$1.18B,$0.77B,65.05%,$1.18B,$0.60B,51.36%,$1.18B,$0.48B,40.39%,$0.48B,$-1.24B,-38.56%,$0.48B,$-1.43B,-33.23%,$0.48B,$2.91B,17.12%,$0.72B,$0.55B,173.08%,$299,$48,$251,$15,$50,$114,$185,$-33,$152,$18,$134,$134,$134,$197,$185,$97,124,$1.38,$1.09,$2356,$0,$52,$2409,$258,$0,$198,$26,$497,$2905,$1549,$1783,$304,$2591,$4140,$0,$-17538,$-3,$-1235,$2905,$134,$12,$13,$25,$0,$0,$0,$26,$-69,$90,$-8,$0,$0,$1932,$-631,$1300,$-0,$1293,$0,$0,$0,$-145,$-145,$0,$0,$-145,$1238,$13,$0
3,2017-12-31,114.44,$-12.91,-8.86,$9.38,12.2,$12.60,9.08,$3.69,31.01,$2.45B,$1.56B,1.57,$1.78B,$-1.26B,-1.41,$1.17B,$0.97B,83.36%,$1.17B,$0.71B,60.63%,$1.17B,$0.71B,60.63%,$1.17B,$0.76B,65.01%,$1.17B,$0.60B,51.46%,$1.17B,$0.46B,39.19%,$0.46B,$-1.26B,-37.45%,$0.46B,$-1.46B,-32.23%,$0.46B,$2.94B,17.39%,$0.71B,$0.52B,244.00%,$296,$48,$248,$13,$59,$119,$176,$-34,$142,$39,$103,$103,$103,$187,$176,$100,124,$1.05,$0.82,$2415,$0,$31,$2446,$264,$0,$198,$19,$495,$2941,$1561,$1783,$128,$2641,$4201,$0,$-17695,$-3,$-1260,$2941,$457,$50,$28,$78,$0,$0,$0,$39,$168,$703,$-49,$0,$0,$-368,$0,$-368,$12,$-405,$543,$0,$543,$-608,$-608,$0,$0,$-65,$234,$53,$0
4,2017-09-30,106.39,$-12.44,-8.55,$9.23,11.53,$12.52,8.5,$3.70,28.75,$2.41B,$1.54B,1.57,$1.78B,$-1.23B,-1.45,$1.16B,$0.96B,83.13%,$1.16B,$0.70B,60.55%,$1.16B,$0.70B,60.55%,$1.16B,$0.75B,65.05%,$1.16B,$0.60B,51.90%,$1.16B,$0.46B,39.79%,$0.46B,$-1.23B,-38.16%,$0.46B,$-1.43B,-32.79%,$0.46B,$2.91B,18.58%,$0.70B,$0.55B,415.43%,$292,$47,$245,$13,$51,$111,$181,$-32,$150,$35,$115,$115,$115,$193,$181,$100,124,$1.15,$0.93,$2366,$0,$40,$2406,$265,$0,$198,$19,$502,$2908,$1536,$1782,$130,$2603,$4138,$0,$-17798,$-3,$-1230,$2908,$354,$39,$30,$69,$0,$0,$0,$37,$80,$504,$-41,$0,$0,$-503,$0,$-503,$12,$-532,$543,$0,$543,$-461,$-461,$0,$0,$82,$55,$40,$0
5,2017-06-30,92.96,$-12.01,-7.74,$9.12,10.19,$12.45,7.47,$3.67,25.33,$1.84B,$1.52B,1.21,$1.24B,$-1.20B,-1.03,$1.15B,$0.95B,82.81%,$1.15B,$0.69B,60.24%,$1.15B,$0.69B,60.24%,$1.15B,$0.75B,65.28%,$1.15B,$0.60B,52.00%,$1.15B,$0.46B,39.84%,$0.46B,$-1.20B,-38.56%,$0.46B,$-1.40B,-33.08%,$0.46B,$2.34B,19.76%,$0.69B,$0.04B,1468.78%,$289,$48,$241,$14,$52,$114,$175,$-15,$160,$37,$123,$123,$123,$188,$175,$101,124,$1.22,$0.99,$1808,$0,$36,$1844,$262,$0,$198,$20,$500,$2344,$1523,$1238,$112,$2024,$3547,$0,$-17900,$-3,$-1203,$2344,$240,$28,$16,$43,$0,$0,$0,$43,$46,$329,$-19,$0,$0,$5,$0,$5,$12,$-2,$0,$0,$0,$-318,$-318,$0,$0,$-318,$10,$26,$0
6,2017-03-31,87.11,$-11.66,-7.47,$8.99,9.69,$12.27,7.1,$3.55,24.54,$1.82B,$1.50B,1.21,$1.24B,$-1.19B,-1.04,$1.15B,$0.95B,82.77%,$1.15B,$0.70B,60.49%,$1.15B,$0.70B,60.49%,$1.15B,$0.76B,65.97%,$1.15B,$0.59B,51.17%,$1.15B,$0.45B,39.08%,$0.45B,$-1.19B,-38.34%,$0.45B,$-1.39B,-33.70%,$0.45B,$2.32B,19.39%,$0.70B,$0.05B,1057.03%,$289,$51,$238,$13,$49,$113,$175,$-28,$148,$31,$116,$116,$116,$190,$175,$102,124,$1.14,$0.94,$1786,$0,$31,$1817,$262,$0,$198,$18,$498,$2316,$1499,$1238,$113,$2004,$3503,$0,$-18023,$-3,$-1188,$2316,$116,$15,$13,$28,$0,$0,$0,$51,$4,$148,$-10,$0,$0,$1050,$-813,$236,$12,$238,$0,$0,$0,$-165,$-165,$0,$0,$-165,$222,$13,$0
7,2016-12-31,76.07,$-11.65,-6.53,$8.81,8.64,$12.25,6.21,$3.43,22.18,$1.84B,$1.52B,1.21,$1.24B,$-1.20B,-1.03,$1.14B,$0.94B,82.66%,$1.14B,$0.69B,60.16%,$1.14B,$0.69B,60.16%,$1.14B,$0.75B,65.94%,$1.14B,$0.58B,50.88%,$1.14B,$0.44B,38.53%,$0.44B,$-1.20B,-38.22%,$0.44B,$-1.40B,-34.47%,$0.44B,$2.34B,18.98%,$0.69B,$0.04B,805.87%,$286,$49,$237,$14,$55,$118,$169,$-27,$142,$36,$106,$106,$106,$181,$169,$107,129,$1.01,$0.83,$1798,$0,$44,$1842,$266,$0,$198,$19,$492,$2335,$1522,$1237,$117,$2013,$3535,$0,$-18185,$-3,$-1201,$2335,$441,$66,$36,$102,$0,$0,$0,$22,$150,$693,$-27,$-143,$0,$127,$0,$127,$2,$-40,$0,$0,$0,$-649,$-649,$0,$0,$-649,$3,$50,$0
8,2016-09-30,78.24,$-11.13,-7.03,$8.64,9.06,$11.80,6.63,$3.35,23.36,$1.80B,$1.48B,1.21,$1.24B,$-1.17B,-1.06,$1.13B,$0.93B,82.46%,$1.13B,$0.68B,59.88%,$1.13B,$0.68B,59.88%,$1.13B,$0.75B,66.16%,$1.13B,$0.56B,49.96%,$1.13B,$0.44B,38.62%,$0.44B,$-1.17B,-38.98%,$0.44B,$-1.37B,-36.09%,$0.44B,$2.30B,18.76%,$0.68B,$0.07B,576.55%,$288,$50,$238,$14,$49,$113,$175,$-26,$149,$35,$114,$114,$114,$193,$175,$106,128,$1.08,$0.90,$1758,$0,$21,$1795,$270,$0,$198,$23,$503,$2298,$1482,$1237,$117,$1985,$3467,$0,$-18291,$-3,$-1169,$2298,$335,$54,$17,$71,$0,$0,$0,$34,$82,$488,$-20,$-143,$0,$112,$0,$112,$0,$-51,$0,$0,$0,$-488,$-488,$0,$0,$-488,$-51,$36,$0
9,2016-06-30,86.46,$-10.52,-8.22,$8.40,10.29,$11.44,7.56,$3.15,27.45,$1.95B,$1.48B,1.32,$1.24B,$-1.13B,-1.1,$1.11B,$0.91B,82.38%,$1.11B,$0.66B,59.17%,$1.11B,$0.66B,59.17%,$1.11B,$0.73B,65.67%,$1.11B,$0.54B,48.51%,$1.11B,$0.41B,37.40%,$0.41B,$-1.13B,-38.19%,$0.41B,$-1.18B,-36.40%,$0.41B,$2.31B,17.30%,$0.66B,$0.11B,433.06%,$286,$49,$238,$14,$47,$110,$176,$-27,$149,$36,$113,$113,$113,$194,$176,$108,131,$1.05,$0.87,$1907,$0,$23,$1945,$278,$0,$53,$26,$370,$2314,$1476,$1236,$115,$1965,$3442,$0,$-18405,$-2,$-1127,$2314,$221,$36,$50,$86,$0,$0,$0,$39,$10,$317,$-13,$0,$0,$-45,$0,$-45,$0,$-59,$0,$0,$0,$-316,$-316,$0,$0,$-316,$-58,$23,$0
10,2016-03-31,88.54,$-10.18,-8.7,$8.18,10.82,$11.26,7.87,$2.98,29.71,$1.95B,$1.48B,1.31,$1.24B,$-1.11B,-1.12,$1.08B,$0.89B,81.92%,$1.08B,$0.63B,57.93%,$1.08B,$0.63B,57.93%,$1.08B,$0.70B,64.67%,$1.08B,$0.51B,47.23%,$1.08B,$0.39B,36.35%,$0.39B,$-1.11B,-37.50%,$0.39B,$-1.16B,-35.68%,$0.39B,$2.32B,16.03%,$0.63B,$0.13B,341.30%,$282,$51,$231,$17,$48,$115,$167,$-26,$141,$34,$107,$107,$107,$185,$167,$110,132,$0.98,$0.82,$1896,$0,$34,$1946,$286,$0,$53,$24,$378,$2324,$1482,$1236,$115,$1950,$3432,$0,$-18518,$-3,$-1108,$2324,$107,$18,$3,$22,$0,$0,$0,$34,$21,$150,$-7,$0,$0,$901,$-874,$27,$0,$20,$0,$0,$0,$-164,$-164,$0,$0,$-164,$5,$12,$0
11,2015-12-31,87.36,$-9.73,-8.98,$7.97,10.96,$11.07,7.89,$2.82,30.98,$1.97B,$1.50B,1.31,$1.24B,$-1.07B,-1.15,$1.06B,$0.87B,81.79%,$1.06B,$0.61B,57.08%,$1.06B,$0.61B,57.08%,$1.06B,$0.68B,64.06%,$1.06B,$0.49B,46.04%,$1.06B,$0.38B,35.38%,$0.38B,$-1.07B,-37.10%,$0.38B,$-1.13B,-35.24%,$0.38B,$2.36B,14.83%,$0.61B,$0.17B,265.93%,$273,$49,$224,$15,$50,$114,$158,$-33,$125,$24,$102,$102,$102,$175,$158,$114,133,$0.92,$0.76,$1915,$0,$40,$1968,$296,$0,$55,$22,$390,$2358,$1503,$1235,$115,$1925,$3428,$0,$-18626,$-4,$-1070,$2358,$375,$72,$50,$121,$0,$0,$0,$70,$173,$670,$-41,$0,$0,$-452,$0,$-452,$-4,$-497,$492,$0,$492,$-628,$-628,$0,$0,$-136,$37,$46,$0
12,2015-09-30,70.56,$-9.22,-7.65,$7.74,9.12,$10.32,6.84,$2.54,27.78,$1.94B,$1.98B,0.98,$1.24B,$-1.03B,-1.2,$1.04B,$0.85B,81.59%,$1.04B,$0.59B,56.47%,$1.04B,$0.59B,56.47%,$1.04B,$0.67B,64.53%,$1.04B,$0.48B,46.31%,$1.04B,$0.34B,32.41%,$0.34B,$-1.03B,-35.06%,$0.34B,$-1.08B,-33.24%,$0.34B,$2.58B,14.00%,$0.59B,$0.20B,391.36%,$266,$47,$219,$15,$49,$111,$154,$-33,$122,$29,$92,$92,$92,$173,$154,$113,132,$0.82,$0.70,$1891,$0,$35,$1941,$297,$0,$53,$24,$636,$2577,$1980,$1235,$114,$1629,$3609,$0,$-18727,$-3,$-1031,$2577,$274,$56,$12,$68,$-1,$0,$0,$53,$121,$463,$-29,$0,$0,$-478,$0,$-478,$-4,$-510,$492,$0,$492,$-478,$-478,$0,$19,$34,$-14,$34,$0
13,2015-06-30,61.72,$-8.72,-7.08,$7.56,8.16,$9.92,6.22,$2.53,24.4,$1.93B,$1.95B,0.99,$1.23B,$-0.99B,-1.24,$1.03B,$0.84B,81.40%,$1.03B,$0.58B,55.72%,$1.03B,$0.58B,55.72%,$1.03B,$0.66B,63.47%,$1.03B,$0.47B,45.74%,$1.03B,$0.34B,33.04%,$0.34B,$-0.99B,-38.16%,$0.34B,$-1.05B,-36.05%,$0.34B,$2.57B,14.69%,$0.58B,$0.24B,575.00%,$263,$48,$214,$16,$49,$114,$149,$-25,$124,$31,$93,$93,$93,$168,$149,$116,133,$0.80,$0.70,$1885,$0,$31,$1931,$304,$0,$53,$22,$640,$2571,$1946,$1234,$107,$1619,$3565,$0,$-18820,$-3,$-994,$2571,$181,$38,$9,$46,$-1,$0,$0,$49,$80,$308,$-22,$0,$0,$-464,$0,$-464,$-4,$-489,$492,$0,$492,$-327,$-327,$0,$11,$177,$-4,$22,$0
14,2015-03-31,66.97,$-8.14,-8.23,$7.37,9.09,$9.51,7.04,$2.54,26.37,$1.94B,$1.92B,1.01,$1.25B,$-0.95B,-1.32,$1.02B,$0.83B,81.45%,$1.02B,$0.57B,55.84%,$1.02B,$0.57B,55.84%,$1.02B,$0.65B,63.40%,$1.02B,$0.48B,46.61%,$1.02B,$0.35B,34.15%,$0.35B,$-0.95B,-43.32%,$0.35B,$-1.00B,-40.68%,$0.35B,$2.61B,15.40%,$0.57B,$0.30B,821.66%,$258,$48,$210,$17,$49,$114,$144,$-28,$117,$28,$88,$88,$88,$163,$144,$117,134,$0.75,$0.66,$1871,$0,$54,$1940,$312,$0,$53,$37,$668,$2608,$1922,$1250,$107,$1633,$3556,$0,$-18913,$-3,$-948,$2608,$88,$19,$6,$24,$-1,$0,$0,$31,$20,$133,$-13,$0,$0,$325,$-257,$68,$-4,$51,$494,$0,$494,$-170,$-170,$0,$6,$330,$514,$10,$0
15,2014-12-31,57.0,$-7.46,-7.64,$7.11,8.02,$9.49,6.01,$2.52,22.62,$1.48B,$1.43B,1.03,$0.74B,$-0.88B,-0.84,$1.01B,$0.82B,81.29%,$1.01B,$0.57B,55.94%,$1.01B,$0.57B,55.94%,$1.01B,$0.64B,63.27%,$1.01B,$0.48B,47.82%,$1.01B,$0.35B,35.05%,$0.35B,$-0.88B,-52.00%,$0.35B,$-0.94B,-48.29%,$0.35B,$1.90B,15.66%,$0.57B,$-0.14B,846.44%,$256,$47,$208,$17,$49,$114,$142,$-22,$120,$55,$65,$65,$65,$169,$142,$127,141,$0.55,$0.48,$1425,$0,$42,$1480,$319,$0,$53,$16,$421,$1901,$1432,$740,$99,$1352,$2785,$0,$-19001,$-3,$-883,$1901,$355,$75,$36,$111,$-0,$0,$0,$46,$135,$601,$-39,$0,$0,$152,$0,$152,$0,$113,$0,$0,$0,$-866,$-866,$0,$6,$-860,$-148,$44,$0
16,2014-09-30,55.12,$-6.14,-8.98,$6.87,8.02,$8.80,6.26,$3.98,13.85,$1.52B,$1.85B,0.82,$0.75B,$-0.75B,-1.0,$1.00B,$0.81B,81.20%,$1.00B,$0.55B,55.30%,$1.00B,$0.55B,55.30%,$1.00B,$0.63B,62.50%,$1.00B,$0.48B,47.90%,$1.00B,$0.58B,58.10%,$0.58B,$-0.75B,-102.65%,$0.58B,$-0.80B,-94.01%,$0.58B,$2.21B,23.71%,$0.55B,$0.00B,300.54%,$255,$47,$208,$16,$52,$116,$140,$-28,$111,$16,$95,$95,$95,$155,$140,$124,138,$0.77,$0.69,$1475,$0,$0,$1523,$319,$0,$53,$27,$684,$2207,$1849,$750,$89,$1107,$2956,$0,$-19066,$-3,$-749,$2207,$290,$48,$29,$77,$-3,$0,$0,$69,$64,$430,$-30,$0,$0,$144,$0,$144,$0,$114,$0,$0,$0,$-658,$-658,$0,$9,$-649,$-105,$34,$0
17,2014-06-30,48.81,$-5.02,-9.72,$6.62,7.38,$8.40,5.81,$3.82,12.78,$1.60B,$1.84B,0.87,$0.75B,$-0.63B,-1.19,$0.99B,$0.80B,80.99%,$0.99B,$0.55B,55.21%,$0.99B,$0.55B,55.21%,$0.99B,$0.62B,62.49%,$0.99B,$0.48B,48.03%,$0.99B,$0.57B,57.33%,$0.57B,$-0.63B,-112.89%,$0.57B,$-0.69B,-102.30%,$0.57B,$2.32B,22.86%,$0.55B,$0.12B,220.38%,$250,$46,$204,$16,$46,$107,$143,$-16,$127,$26,$100,$100,$100,$159,$143,$129,141,$0.77,$0.71,$1545,$0,$0,$1597,$324,$0,$53,$27,$726,$2323,$1843,$750,$96,$1112,$2955,$0,$-19162,$-3,$-633,$2323,$195,$32,$-3,$29,$-0,$0,$0,$61,$39,$263,$-19,$0,$0,$76,$0,$76,$0,$58,$0,$0,$0,$-438,$-438,$0,$15,$-422,$-102,$19,$0
18,2014-03-31,53.91,$-3.47,-15.55,$6.35,8.49,$8.31,6.49,$3.66,14.73,$1.79B,$2.04B,0.88,$0.75B,$-0.46B,-1.64,$0.98B,$0.79B,80.78%,$0.98B,$0.54B,54.70%,$0.98B,$0.54B,54.70%,$0.98B,$0.61B,61.96%,$0.98B,$0.47B,47.65%,$0.98B,$0.55B,56.65%,$0.55B,$-0.46B,-134.30%,$0.55B,$-0.51B,-119.27%,$0.55B,$2.61B,21.89%,$0.54B,$0.29B,158.52%,$249,$48,$201,$18,$43,$109,$140,$-15,$125,$30,$94,$94,$94,$156,$140,$133,149,$0.71,$0.64,$1717,$0,$0,$1790,$330,$0,$53,$27,$819,$2609,$2044,$750,$8,$1023,$3067,$0,$-19262,$-3,$-458,$2609,$94,$16,$6,$22,$-2,$0,$0,$38,$25,$142,$-11,$0,$0,$718,$-784,$-66,$0,$-77,$0,$0,$0,$-137,$-137,$0,$0,$-137,$-72,$10,$0
19,2013-12-31,59.78,$-3.17,-18.87,$6.14,9.73,$8.26,7.24,$3.54,16.89,$1.80B,$2.03B,0.89,$0.75B,$-0.42B,-1.77,$0.97B,$0.78B,80.62%,$0.97B,$0.53B,54.72%,$0.97B,$0.53B,54.72%,$0.97B,$0.60B,61.97%,$0.97B,$0.46B,47.25%,$0.97B,$0.55B,56.48%,$0.55B,$-0.42B,-177.09%,$0.55B,$-0.48B,-151.39%,$0.55B,$2.66B,22.74%,$0.53B,$0.33B,188.74%,$246,$47,$199,$18,$51,$115,$130,$-14,$116,$-176,$292,$292,$292,$155,$130,$145,156,$2.07,$1.89,$1723,$0,$66,$1803,$340,$0,$53,$28,$858,$2661,$2029,$750,$45,$1055,$3084,$0,$-19356,$-3,$-424,$2661,$544,$70,$21,$91,$-3,$0,$0,$41,$-56,$579,$-66,$0,$0,$59,$0,$59,$-4,$-11,$638,$0,$638,$-1015,$-1015,$0,$19,$-357,$208,$37,$0
20,2013-09-30,50.89,$-3.59,-14.19,$5.97,8.52,$7.92,6.43,$2.25,22.62,$1.86B,$1.76B,1.06,$0.75B,$-0.49B,-1.52,$0.95B,$0.77B,80.82%,$0.95B,$0.53B,56.16%,$0.95B,$0.53B,56.16%,$0.95B,$0.59B,62.59%,$0.95B,$0.47B,49.63%,$0.95B,$0.36B,37.83%,$0.36B,$-0.49B,-175.98%,$0.36B,$-0.55B,-139.96%,$0.36B,$2.33B,15.98%,$0.53B,$0.26B,143.96%,$244,$47,$197,$17,$47,$111,$133,$-26,$107,$26,$81,$81,$81,$148,$133,$142,153,$0.57,$0.53,$1807,$0,$0,$1862,$338,$0,$53,$30,$468,$2330,$1764,$750,$45,$1060,$2824,$0,$-19648,$-3,$-494,$2330,$252,$45,$43,$89,$-4,$0,$0,$45,$91,$432,$-50,$0,$0,$2254,$-2517,$-263,$-4,$-317,$638,$0,$638,$-793,$-793,$0,$30,$-125,$-13,$27,$0
21,2013-06-30,44.66,$-1.90,-23.5,$5.72,7.81,$7.39,6.05,$2.19,20.39,$2.05B,$1.74B,1.18,$0.75B,$-0.27B,-2.74,$0.93B,$0.75B,80.95%,$0.93B,$0.52B,55.54%,$0.93B,$0.52B,55.54%,$0.93B,$0.58B,61.89%,$0.93B,$0.47B,50.16%,$0.93B,$0.36B,38.32%,$0.36B,$-0.27B,-408.02%,$0.36B,$-0.33B,-254.29%,$0.36B,$2.53B,16.48%,$0.52B,$0.48B,159.01%,$239,$47,$193,$17,$44,$107,$132,$-14,$118,$32,$87,$87,$87,$147,$132,$149,159,$0.58,$0.55,$1997,$0,$0,$2053,$338,$0,$53,$29,$472,$2525,$1741,$750,$45,$1058,$2799,$0,$-19729,$-3,$-274,$2525,$171,$31,$25,$55,$-2,$0,$0,$44,$71,$297,$-38,$0,$0,$1564,$-1558,$7,$-3,$-34,$639,$0,$639,$-469,$-469,$0,$18,$188,$448,$16,$0
22,2013-03-31,47.27,$-0.26,-182.58,$5.52,8.57,$7.08,6.68,$2.06,22.95,$1.62B,$1.71B,0.95,$0.10B,$-0.04B,-2.56,$0.90B,$0.73B,80.75%,$0.90B,$0.49B,54.31%,$0.90B,$0.49B,54.31%,$0.90B,$0.55B,60.73%,$0.90B,$0.44B,48.67%,$0.90B,$0.34B,37.28%,$0.34B,$-0.04B,-1005.97%,$0.34B,$-0.09B,-389.60%,$0.34B,$2.07B,16.73%,$0.49B,$0.06B,134.43%,$236,$47,$189,$18,$38,$103,$133,$-18,$115,$30,$85,$85,$85,$148,$133,$153,161,$0.55,$0.52,$1562,$0,$0,$1615,$333,$0,$53,$17,$456,$2071,$1706,$100,$45,$404,$2110,$0,$-19816,$-1,$-39,$2071,$85,$15,$11,$26,$-2,$0,$0,$37,$40,$151,$-17,$0,$0,$706,$-764,$-58,$-3,$-79,$0,$0,$0,$-134,$-134,$0,$12,$-122,$-52,$8,$0
23,2012-12-31,38.82,$-0.06,-638.49,$5.31,7.31,$6.85,5.67,$1.96,19.81,$1.64B,$0.70B,2.37,$0.70B,$-0.01B,-74.82,$0.87B,$0.71B,80.66%,$0.87B,$0.46B,52.29%,$0.87B,$0.46B,52.29%,$0.87B,$0.51B,58.70%,$0.87B,$0.41B,47.14%,$0.87B,$0.32B,36.61%,$0.32B,$-0.01B,-771.08%,$0.32B,$-0.06B,-337.73%,$0.32B,$2.06B,16.26%,$0.46B,$0.69B,90.45%,$230,$42,$188,$16,$36,$95,$135,$-4,$131,$30,$101,$101,$106,$151,$135,$157,164,$0.68,$0.64,$1556,$0,$0,$1643,$334,$0,$53,$25,$419,$2062,$695,$698,$44,$1377,$2072,$0,$-19901,$-0,$-9,$2062,$320,$55,$98,$153,$3,$0,$0,$75,$64,$538,$-53,$0,$0,$1234,$-2623,$-1389,$-1,$-1442,$0,$0,$0,$-296,$-296,$0,$19,$-278,$-1183,$33,$0
24,2012-09-30,48.69,$-0.17,-284.57,$5.13,9.49,$4.75,10.24,$1.65,29.51,$1.53B,$1.62B,0.95,$0.10B,$-0.03B,-3.76,$0.85B,$0.68B,80.07%,$0.85B,$0.42B,48.94%,$0.85B,$0.42B,48.94%,$0.85B,$0.47B,55.31%,$0.85B,$0.36B,42.22%,$0.85B,$0.27B,31.60%,$0.27B,$-0.03B,-437.55%,$0.27B,$-0.08B,-233.55%,$0.27B,$1.98B,13.99%,$0.42B,$0.07B,85.79%,$224,$41,$182,$15,$51,$107,$116,$-14,$102,$25,$77,$77,$78,$129,$116,$156,167,$0.50,$0.47,$1492,$0,$0,$1530,$329,$0,$53,$15,$453,$1983,$1617,$100,$44,$393,$2010,$0,$-20006,$-1,$-27,$1983,$214,$40,$56,$95,$4,$0,$0,$85,$57,$367,$-40,$0,$0,$394,$-1579,$-1186,$-1,$-1226,$0,$0,$0,$-205,$-205,$0,$21,$-184,$-1043,$26,$0
25,2012-06-30,43.57,$-0.38,-115.33,$4.99,8.73,$3.69,11.79,$1.54,28.29,$1.53B,$0.67B,2.28,$0.70B,$-0.06B,-11.79,$0.82B,$0.65B,79.42%,$0.82B,$0.39B,47.26%,$0.82B,$0.39B,47.26%,$0.82B,$0.44B,53.96%,$0.82B,$0.34B,41.05%,$0.82B,$0.25B,30.33%,$0.25B,$-0.06B,-258.70%,$0.25B,$-0.11B,-166.00%,$0.25B,$1.94B,13.57%,$0.39B,$0.64B,68.01%,$214,$43,$171,$15,$49,$107,$107,$-15,$92,$24,$68,$68,$68,$121,$107,$158,164,$0.43,$0.42,$1438,$0,$0,$1531,$329,$0,$53,$29,$411,$1942,$673,$698,$45,$1329,$2001,$0,$-20084,$-3,$-59,$1942,$136,$26,$35,$61,$2,$0,$0,$78,$47,$245,$-26,$0,$0,$8,$-1098,$-1090,$-1,$-1116,$0,$0,$0,$-137,$-137,$0,$12,$-126,$-998,$17,$0
26,2012-03-31,38.35,$-0.45,-85.13,$4.82,7.96,$2.80,13.69,$1.06,36.18,$1.47B,$0.64B,2.29,$0.69B,$-0.07B,-9.71,$0.80B,$0.63B,79.05%,$0.80B,$0.36B,45.55%,$0.80B,$0.36B,45.55%,$0.80B,$0.42B,52.45%,$0.80B,$0.22B,27.73%,$0.80B,$0.17B,21.33%,$0.17B,$-0.07B,-206.06%,$0.17B,$-0.13B,-124.31%,$0.17B,$1.88B,9.45%,$0.36B,$0.62B,65.29%,$206,$41,$164,$15,$51,$107,$99,$-12,$87,$21,$66,$66,$68,$112,$99,$159,163,$0.43,$0.42,$1386,$0,$0,$1474,$328,$0,$54,$27,$409,$1883,$643,$693,$45,$1311,$1954,$0,$-20153,$-3,$-71,$1883,$68,$13,$16,$29,$1,$0,$0,$65,$13,$110,$-13,$0,$0,$5,$-5,$-0,$0,$-13,$0,$0,$0,$-64,$-64,$0,$4,$-60,$40,$8,$0
27,2011-12-31,35.72,$-0.55,-64.63,$4.61,7.75,$2.64,13.54,$0.88,40.59,$1.45B,$0.66B,2.2,$0.69B,$-0.09B,-7.83,$0.77B,$0.61B,78.53%,$0.77B,$0.33B,42.69%,$0.77B,$0.33B,42.69%,$0.77B,$0.39B,49.81%,$0.77B,$0.19B,24.97%,$0.77B,$0.14B,18.50%,$0.14B,$-0.09B,200.00%,$0.14B,$-0.14B,828.99%,$0.14B,$1.86B,7.49%,$0.33B,$0.60B,48.32%,$204,$42,$162,$13,$52,$111,$93,$-16,$77,$32,$45,$45,$54,$107,$93,$165,167,$0.33,$0.32,$1346,$0,$0,$1448,$327,$0,$54,$25,$408,$1856,$659,$690,$44,$1285,$1944,$0,$-20221,$-3,$-88,$1856,$143,$56,$68,$123,$-0,$0,$0,$73,$70,$336,$-193,$0,$0,$467,$0,$467,$-1,$273,$-1,$100,$99,$-500,$-500,$-463,$12,$-852,$-246,$43,$-463
28,2011-09-30,28.61,$-1.05,-27.29,$4.39,6.52,$2.53,11.3,$0.31,92.29,$1.36B,$0.64B,2.13,$0.59B,$-0.17B,-3.52,$0.75B,$0.59B,78.34%,$0.75B,$0.30B,40.64%,$0.75B,$0.30B,40.64%,$0.75B,$0.36B,48.13%,$0.75B,$0.07B,9.22%,$0.75B,$0.05B,6.42%,$0.05B,$-0.17B,18.29%,$0.05B,$-0.22B,23.08%,$0.05B,$1.66B,2.33%,$0.30B,$0.42B,35.89%,$197,$42,$155,$13,$50,$108,$89,$-8,$81,$22,$59,$59,$59,$103,$89,$163,164,$0.36,$0.36,$1235,$0,$0,$1364,$205,$0,$54,$35,$294,$1658,$639,$587,$41,$1185,$1824,$0,$-20274,$-3,$-167,$1658,$89,$41,$41,$83,$-0,$0,$0,$47,$40,$212,$-63,$0,$0,$544,$-76,$468,$-1,$403,$0,$0,$0,$-507,$-507,$-463,$1,$-970,$-357,$36,$-463
29,2011-06-30,33.46,$-0.03,-1322.53,$4.17,8.02,$2.20,15.22,$4.43,7.55,$1.53B,$0.65B,2.34,$0.59B,$-0.00B,-139.19,$0.72B,$0.56B,78.01%,$0.72B,$0.28B,38.04%,$0.72B,$0.28B,38.04%,$0.72B,$0.33B,45.64%,$0.72B,$0.04B,5.53%,$0.72B,$0.77B,107.05%,$0.77B,$-0.00B,125.75%,$0.77B,$-0.06B,138.03%,$0.77B,$1.80B,32.61%,$0.28B,$0.58B,22.95%,$190,$41,$149,$13,$50,$108,$82,$-106,$-24,$-16,$-8,$-8,$-11,$96,$82,$167,167,$-0.06,$-0.06,$1395,$0,$0,$1525,$195,$0,$54,$21,$270,$1796,$652,$585,$18,$1148,$1800,$0,$-20333,$-2,$-4,$1796,$30,$28,$17,$45,$0,$0,$0,$51,$28,$103,$-29,$0,$0,$370,$-44,$326,$-1,$295,$0,$0,$0,$-278,$-278,$-463,$1,$-741,$-339,$29,$-463
30,2011-03-31,33.55,$3.24,10.36,$3.96,8.48,$2.89,11.6,$4.68,7.17,$2.06B,$0.65B,3.19,$0.58B,$0.55B,1.07,$0.70B,$0.54B,77.46%,$0.70B,$0.24B,34.81%,$0.70B,$0.24B,34.81%,$0.70B,$0.30B,43.22%,$0.70B,$0.11B,15.26%,$0.70B,$0.82B,116.98%,$0.82B,$0.55B,111.49%,$0.82B,$0.49B,120.50%,$0.82B,$2.33B,32.50%,$0.24B,$1.13B,18.54%,$182,$41,$141,$14,$56,$116,$66,$-6,$59,$17,$42,$42,$41,$79,$66,$170,172,$0.24,$0.24,$1947,$0,$0,$2060,$193,$0,$55,$23,$271,$2331,$645,$584,$25,$1140,$1785,$0,$-20323,$-2,$545,$2331,$41,$14,$17,$31,$-1,$0,$0,$36,$18,$90,$-16,$0,$0,$11,$-18,$-7,$-1,$-24,$0,$0,$0,$-191,$-191,$0,$4,$-187,$-119,$15,$0
31,2010-12-31,30.27,$3.92,7.73,$3.78,8.01,$2.90,10.44,$4.72,6.41,$2.18B,$0.65B,3.34,$0.58B,$0.68B,0.86,$0.68B,$0.53B,77.09%,$0.68B,$0.23B,34.07%,$0.68B,$0.23B,34.07%,$0.68B,$0.30B,44.05%,$0.68B,$0.10B,13.95%,$0.68B,$0.83B,121.88%,$0.83B,$0.68B,109.61%,$0.83B,$0.62B,129.94%,$0.83B,$2.44B,32.38%,$0.23B,$1.26B,17.37%,$179,$38,$141,$13,$57,$111,$67,$-114,$-47,$-15,$-32,$-32,$-41,$82,$67,$178,179,$-0.31,$-0.31,$2061,$0,$0,$2178,$190,$0,$55,$21,$266,$2444,$653,$582,$18,$1115,$1768,$0,$-20363,$-1,$676,$2444,$834,$68,$-750,$-682,$13,$0,$0,$99,$64,$215,$-81,$0,$1162,$314,$-788,$-474,$-5,$603,$-1,$0,$-1,$-357,$-357,$-518,$131,$-745,$82,$52,$-518
32,2010-09-30,27.03,$7.25,3.73,$3.61,7.48,$3.64,7.43,$5.43,4.98,$2.66B,$0.61B,4.34,$0.58B,$1.25B,0.46,$0.66B,$0.50B,76.10%,$0.66B,$0.21B,32.07%,$0.66B,$0.21B,32.07%,$0.66B,$0.29B,43.87%,$0.66B,$0.18B,26.93%,$0.66B,$0.96B,145.69%,$0.96B,$1.25B,130.49%,$0.96B,$1.19B,173.51%,$0.96B,$2.92B,37.48%,$0.21B,$1.82B,16.13%,$172,$40,$133,$14,$52,$112,$60,$-8,$52,$7,$45,$45,$785,$73,$60,$174,175,$4.52,$4.48,$2549,$0,$0,$2657,$191,$0,$55,$20,$267,$2924,$612,$578,$284,$1067,$1679,$0,$-20323,$2,$1245,$2924,$874,$53,$-850,$-797,$11,$0,$0,$71,$91,$168,$-69,$0,$1165,$0,$-475,$-475,$-5,$617,$0,$0,$0,$-378,$-378,$0,$166,$-211,$583,$42,$0
33,2010-06-30,22.61,$2.72,8.31,$3.44,6.57,$3.87,5.84,$1.23,18.38,$2.12B,$0.94B,2.25,$0.58B,$0.48B,1.21,$0.65B,$0.49B,75.08%,$0.65B,$0.19B,28.79%,$0.65B,$0.19B,28.79%,$0.65B,$0.27B,41.95%,$0.65B,$0.15B,23.37%,$0.65B,$0.23B,35.91%,$0.23B,$0.48B,37.28%,$0.23B,$0.42B,61.99%,$0.23B,$2.39B,9.30%,$0.19B,$1.05B,15.54%,$168,$40,$128,$14,$56,$117,$51,$-8,$43,$16,$27,$27,$35,$69,$51,$181,183,$0.19,$0.19,$1337,$0,$682,$2120,$191,$0,$56,$25,$272,$2392,$943,$576,$193,$973,$1916,$0,$-21108,$12,$476,$2392,$89,$40,$26,$66,$10,$0,$0,$89,$96,$250,$-43,$0,$16,$0,$-466,$-466,$-4,$-497,$0,$0,$0,$-254,$-254,$0,$12,$-242,$-614,$25,$0
34,2010-03-31,22.16,$3.47,6.39,$3.32,6.68,$3.15,7.02,$1.22,18.16,$1.74B,$0.85B,2.05,$0.58B,$0.63B,0.91,$0.63B,$0.47B,74.05%,$0.63B,$0.18B,28.16%,$0.63B,$0.18B,28.16%,$0.63B,$0.27B,42.09%,$0.63B,$0.14B,22.15%,$0.63B,$0.23B,36.71%,$0.23B,$0.63B,33.94%,$0.23B,$0.32B,63.09%,$0.23B,$2.49B,9.16%,$0.18B,$1.21B,14.17%,$162,$39,$123,$12,$56,$107,$54,$-7,$47,$17,$30,$30,$51,$76,$54,$183,184,$0.28,$0.28,$1550,$0,$0,$1743,$399,$0,$308,$42,$749,$2492,$849,$576,$180,$1011,$1860,$0,$-21143,$7,$632,$2492,$52,$22,$10,$32,$5,$0,$0,$46,$17,$101,$-20,$0,$16,$0,$-453,$-453,$0,$-457,$0,$0,$0,$-36,$-36,$0,$8,$-29,$-387,$12,$0
35,2009-12-31,20.64,$3.27,6.32,$3.76,5.5,$2.80,7.36,$1.28,16.13,$1.71B,$0.89B,1.93,$0.57B,$0.60B,0.96,$0.72B,$0.54B,74.03%,$0.72B,$0.20B,27.49%,$0.72B,$0.20B,27.49%,$0.72B,$0.29B,39.36%,$0.72B,$0.16B,22.65%,$0.72B,$0.25B,33.98%,$0.25B,$0.60B,36.06%,$0.25B,$0.29B,67.86%,$0.25B,$2.47B,9.77%,$0.20B,$1.17B,15.88%,$159,$40,$119,$13,$57,$111,$47,$-11,$36,$5,$31,$31,$92,$72,$47,$190,191,$0.49,$0.48,$1477,$0,$0,$1709,$404,$0,$312,$45,$761,$2470,$886,$574,$20,$985,$1871,$0,$-21194,$8,$599,$2470,$249,$86,$6,$92,$26,$0,$0,$-7,$54,$395,$-111,$0,$469,$129,$-1,$128,$-2,$484,$0,$2,$2,$-224,$-224,$0,$24,$-198,$688,$51,$0
36,2009-09-30,20.17,$4.07,4.96,$4.21,4.79,$3.44,5.86,$1.00,20.17,$1.90B,$0.95B,1.99,$0.57B,$0.78B,0.73,$0.81B,$0.61B,74.32%,$0.81B,$0.15B,18.06%,$0.81B,$0.15B,18.06%,$0.81B,$0.31B,37.59%,$0.81B,$0.19B,23.83%,$0.81B,$0.06B,7.13%,$0.06B,$0.78B,8.76%,$0.06B,$0.47B,17.01%,$0.06B,$2.62B,2.33%,$0.15B,$1.35B,11.93%,$157,$42,$115,$13,$56,$123,$34,$-9,$25,$4,$21,$21,$54,$54,$34,$193,193,$0.28,$0.28,$1432,$0,$240,$1897,$372,$0,$315,$37,$725,$2621,$953,$572,$90,$886,$1839,$0,$-21286,$9,$782,$2621,$156,$62,$-40,$22,$15,$0,$0,$25,$45,$222,$-66,$0,$282,$117,$0,$117,$-3,$331,$0,$0,$0,$-19,$-19,$0,$100,$82,$643,$39,$0
37,2009-06-30,15.77,$3.75,4.21,$4.65,3.39,$4.29,3.68,$-0.30,0.0,$1.82B,$0.96B,1.9,$0.57B,$0.72B,0.79,$0.90B,$0.68B,75.19%,$0.90B,$0.18B,19.93%,$0.90B,$0.18B,19.93%,$0.90B,$0.35B,38.65%,$0.90B,$0.22B,24.70%,$0.90B,$-0.20B,-21.82%,$-0.20B,$0.72B,-38.80%,$-0.20B,$0.39B,-116.22%,$-0.20B,$2.55B,-7.85%,$0.18B,$1.29B,14.39%,$154,$43,$111,$13,$55,$111,$43,$-10,$32,$16,$17,$17,$35,$64,$43,$193,193,$0.18,$0.18,$1308,$0,$264,$1817,$370,$0,$327,$36,$733,$2550,$956,$571,$80,$873,$1829,$0,$-21340,$6,$721,$2550,$101,$41,$-49,$-8,$9,$0,$0,$5,$28,$121,$-41,$0,$236,$118,$-1,$117,$-3,$309,$0,$0,$0,$-2,$-2,$0,$94,$93,$519,$28,$0
38,2009-03-31,16.07,$3.25,4.94,$5.09,3.15,$5.07,3.17,$-0.82,0.0,$1.70B,$0.92B,1.84,$0.57B,$0.63B,0.91,$0.99B,$0.75B,76.08%,$0.99B,$0.12B,12.11%,$0.99B,$0.12B,12.11%,$0.99B,$0.35B,35.22%,$0.99B,$0.17B,17.05%,$0.99B,$-0.30B,-30.37%,$-0.30B,$0.63B,-68.64%,$-0.30B,$0.30B,-2457.14%,$-0.30B,$2.43B,-11.53%,$0.12B,$1.20B,8.86%,$254,$63,$191,$22,$87,$179,$75,$-4,$71,$23,$47,$47,$65,$95,$75,$192,193,$0.34,$0.34,$942,$0,$506,$1702,$373,$0,$324,$34,$731,$2433,$924,$569,$20,$882,$1806,$0,$-21375,$12,$627,$2433,$66,$21,$-20,$0,$8,$0,$0,$-4,$-27,$38,$-21,$0,$2,$93,$0,$93,$3,$78,$0,$0,$0,$16,$16,$0,$27,$43,$153,$14,$0
39,2008-12-31,16.25,$2.71,6.0,$4.90,3.32,$5.19,3.13,$-1.25,0.0,$1.63B,$0.98B,1.66,$0.57B,$0.52B,1.1,$0.97B,$0.74B,76.03%,$0.97B,$0.07B,7.61%,$0.97B,$0.07B,7.61%,$0.97B,$0.33B,33.54%,$0.97B,$0.12B,12.65%,$0.97B,$-0.37B,-38.48%,$-0.37B,$0.52B,-95.47%,$-0.37B,$0.20B,165.67%,$-0.37B,$2.37B,-13.51%,$0.07B,$1.09B,4.99%,$249,$61,$188,$22,$92,$254,$-5,$71,$66,$30,$36,$35,$-96,$93,$-5,$193,194,$-0.50,$-0.50,$789,$0,$484,$1625,$385,$0,$318,$38,$742,$2367,$977,$569,$88,$872,$1848,$0,$-21440,$17,$518,$2367,$-390,$252,$496,$748,$54,$0,$0,$86,$126,$484,$-72,$0,$274,$0,$84,$84,$-209,$77,$0,$0,$0,$-1205,$-1205,$0,$41,$-1164,$-588,$90,$0
40,2008-09-30,22.21,$0.85,26.12,$4.60,4.82,$4.50,4.94,$-2.33,0.0,$1.51B,$0.97B,1.56,$1.26B,$0.17B,7.66,$0.95B,$0.72B,75.77%,$0.95B,$-0.13B,-13.54%,$0.95B,$-0.13B,-13.54%,$0.95B,$0.25B,26.35%,$0.95B,$-0.14B,-14.92%,$0.95B,$-0.50B,-52.59%,$-0.50B,$0.17B,-78.08%,$-0.50B,$-0.22B,245.13%,$-0.50B,$2.69B,-15.60%,$-0.13B,$1.43B,-6.73%,$246,$57,$189,$22,$91,$179,$67,$-13,$54,$9,$45,$42,$-201,$97,$67,$194,196,$-1.04,$-1.03,$652,$0,$693,$1508,$374,$125,$384,$298,$1182,$2690,$969,$1264,$27,$1556,$2525,$0,$-21317,$11,$165,$2690,$-276,$154,$431,$585,$31,$0,$0,$110,$54,$363,$-39,$0,$61,$-248,$-14,$-263,$51,$-191,$0,$0,$0,$-1156,$-1156,$-1,$7,$-1150,$-973,$75,$-1
41,2008-06-30,32.19,$2.26,14.24,$4.23,7.61,$3.54,9.11,$-1.23,0.0,$1.37B,$0.94B,1.46,$1.26B,$0.44B,2.84,$0.92B,$0.68B,74.54%,$0.92B,$-0.18B,-20.00%,$0.92B,$-0.18B,-20.00%,$0.92B,$0.23B,25.36%,$0.92B,$-0.19B,-20.77%,$0.92B,$-0.28B,-30.71%,$-0.28B,$0.44B,-28.09%,$-0.28B,$-0.24B,248.12%,$-0.28B,$2.95B,-7.98%,$-0.18B,$1.71B,-8.08%,$242,$56,$186,$24,$92,$259,$-17,$-5,$-22,$-8,$-14,$-13,$-69,$64,$-17,$196,196,$-0.35,$-0.35,$622,$0,$466,$1373,$436,$112,$680,$348,$1576,$2949,$943,$1263,$41,$1561,$2505,$0,$-21118,$11,$444,$2949,$-75,$124,$178,$302,$31,$0,$0,$60,$20,$247,$-12,$0,$61,$0,$0,$0,$1,$50,$0,$0,$0,$-1056,$-1056,$-1,$0,$-1057,$-756,$56,$-1
42,2008-03-31,28.31,$2.26,12.5,$4.05,6.99,$2.77,10.2,$-0.91,0.0,$0.93B,$1.07B,0.87,$1.26B,$0.44B,2.87,$0.93B,$0.67B,72.10%,$0.93B,$-0.19B,-20.28%,$0.93B,$-0.19B,-20.28%,$0.93B,$0.21B,22.21%,$0.93B,$-0.18B,-19.21%,$0.93B,$-0.22B,-23.28%,$-0.22B,$0.44B,-14.28%,$-0.22B,$-0.65B,-108.64%,$-0.22B,$3.07B,-5.86%,$-0.19B,$1.70B,-7.66%,$235,$59,$176,$25,$103,$207,$29,$-4,$25,$7,$18,$17,$-8,$72,$29,$207,210,$-0.04,$-0.04,$485,$0,$113,$929,$607,$113,$1089,$328,$2137,$3066,$1065,$1263,$40,$1561,$2626,$0,$-21053,$19,$440,$3066,$-7,$44,$52,$96,$-1,$0,$0,$57,$-20,$70,$-25,$0,$14,$0,$0,$0,$-0,$-11,$0,$140,$140,$-1101,$-1101,$0,$0,$-961,$-894,$27,$0
43,2007-12-31,32.03,$6.72,4.77,$4.26,7.52,$2.68,11.96,$-0.57,0.0,$1.76B,$0.99B,1.79,$1.27B,$1.50B,0.85,$1.03B,$0.71B,69.07%,$1.03B,$-0.23B,-22.24%,$1.03B,$-0.23B,-22.24%,$1.03B,$0.19B,18.05%,$1.03B,$-0.13B,-12.88%,$1.03B,$-0.15B,-14.34%,$-0.15B,$1.50B,-7.23%,$-0.15B,$0.29B,-24.42%,$-0.15B,$4.04B,-3.82%,$-0.23B,$2.76B,-8.55%,$222,$56,$165,$24,$143,$428,$-207,$8,$-198,$-13,$-185,$-191,$-219,$16,$-207,$223,223,$-0.98,$-0.98,$1377,$0,$0,$1763,$622,$110,$1204,$338,$2274,$4037,$985,$1265,$43,$1555,$2540,$0,$-21065,$3,$1497,$4037,$-147,$413,$96,$509,$-104,$0,$0,$228,$111,$474,$-155,$0,$172,$0,$190,$190,$2,$209,$1224,$-199,$1025,$-849,$-849,$0,$13,$189,$875,$91,$0
44,2007-09-30,28.73,$7.19,4.0,$4.94,5.82,$2.45,11.72,$0.19,151.22,$1.54B,$0.85B,1.81,$1.26B,$1.62B,0.78,$1.21B,$0.80B,66.25%,$1.21B,$0.00B,0.33%,$1.21B,$0.00B,0.33%,$1.21B,$0.26B,21.70%,$1.21B,$0.10B,7.92%,$1.21B,$0.04B,3.47%,$0.04B,$1.62B,1.86%,$0.04B,$0.14B,6.18%,$0.04B,$4.03B,1.10%,$0.00B,$2.88B,0.16%,$216,$61,$155,$25,$115,$204,$12,$-6,$5,$-8,$13,$12,$15,$80,$12,$240,246,$0.06,$0.06,$1122,$0,$0,$1536,$599,$123,$1481,$104,$2490,$4026,$849,$1263,$43,$1557,$2406,$0,$-20815,$-0,$1620,$4026,$72,$190,$15,$205,$-113,$0,$0,$230,$-10,$267,$-97,$0,$165,$145,$-17,$127,$4,$199,$1225,$-199,$1026,$-935,$-935,$0,$-0,$90,$560,$67,$0
45,2007-06-30,27.02,$10.34,2.61,$5.67,4.76,$2.54,10.63,$0.17,158.94,$1.19B,$0.87B,1.37,$0.00B,$2.52B,0.0,$1.39B,$0.90B,64.73%,$1.39B,$0.02B,1.15%,$1.39B,$0.02B,1.15%,$1.39B,$0.26B,18.82%,$1.39B,$0.12B,8.62%,$1.39B,$0.04B,3.02%,$0.04B,$2.52B,1.71%,$0.04B,$1.02B,5.22%,$0.04B,$3.69B,1.10%,$0.02B,$2.52B,0.65%,$259,$83,$176,$32,$137,$282,$-23,$12,$-11,$6,$-17,$-15,$-5,$39,$-23,$244,244,$-0.02,$-0.02,$751,$0,$0,$1191,$581,$106,$1504,$83,$2499,$3690,$873,$0,$56,$296,$1169,$0,$-20834,$-7,$2521,$3690,$57,$122,$-14,$108,$-111,$0,$0,$207,$-10,$155,$-48,$0,$153,$248,$-136,$112,$2,$219,$0,$-199,$-199,$0,$0,$0,$0,$-199,$175,$42,$0
46,2007-03-31,21.39,$10.25,2.09,$6.18,3.46,$2.65,8.09,$1.61,13.29,$1.10B,$0.83B,1.32,$0.00B,$2.50B,0.0,$1.52B,$0.97B,63.58%,$1.52B,$0.07B,4.54%,$1.52B,$0.07B,4.54%,$1.52B,$0.31B,20.38%,$1.52B,$0.17B,10.91%,$1.52B,$0.42B,27.88%,$0.42B,$2.50B,17.58%,$0.42B,$0.96B,58.62%,$0.42B,$3.63B,10.98%,$0.07B,$2.50B,2.86%,$328,$116,$212,$42,$126,$338,$-10,$81,$72,$9,$62,$62,$62,$50,$-10,$244,248,$0.25,$0.25,$671,$0,$0,$1098,$581,$104,$1539,$86,$2527,$3625,$834,$0,$59,$292,$1126,$0,$-20830,$-5,$2499,$3625,$62,$60,$-28,$32,$-46,$0,$0,$124,$-50,$44,$-15,$0,$153,$0,$56,$56,$1,$195,$0,$-199,$-199,$0,$0,$0,$0,$-199,$40,$17,$0
47,2006-12-31,20.48,$9.75,2.1,$6.35,3.23,$2.82,7.27,$1.42,14.42,$1.33B,$1.36B,0.98,$0.00B,$2.38B,0.0,$1.56B,$0.99B,63.21%,$1.56B,$0.09B,5.82%,$1.56B,$0.09B,5.82%,$1.56B,$0.32B,20.73%,$1.56B,$0.13B,8.57%,$1.56B,$0.38B,24.18%,$0.38B,$2.38B,16.47%,$0.38B,$0.60B,60.29%,$0.38B,$3.97B,10.06%,$0.09B,$2.38B,3.97%,$409,$149,$260,$37,$166,$383,$25,$4,$30,$60,$-30,$-31,$-30,$94,$25,$244,244,$-0.12,$-0.12,$677,$0,$0,$1332,$605,$0,$1776,$75,$2642,$3974,$1359,$0,$6,$238,$1597,$0,$-20930,$-8,$2377,$3974,$383,$233,$63,$297,$61,$0,$0,$-233,$-205,$475,$-182,$0,$-605,$0,$175,$175,$49,$-562,$-3,$196,$193,$-82,$-82,$0,$0,$111,$23,$66,$0
