,Date,Stock Price,Book Value per Share,Price to Book Ratio,TTM Sales per Share,Price to Sales Ratio,TTM FCF per Share,Price to FCF Ratio,TTM Net EPS,PE Ratio,Current Assets,Current Liabilities,Current Ratio,Long Term Debt,Shareholder's Equity_x,Debt to Equity Ratio,TTM Revenue_x,TTM Gross Profit,Gross Margin,TTM Revenue_y,TTM Operating Income,Operating Margin,TTM Revenue_x,TTM EBIT,EBIT Margin,TTM Revenue_y,TTM EBITDA,EBITDA Margin,TTM Revenue_x,TTM Pre-Tax Income,Pre-Tax Margin,TTM Revenue_y,TTM Net Income_x,Net Margin,TTM Net Income_y,Shareholder's Equity_y,Return on Equity,TTM Net Income_x,Tangible Equity,Return on Tangible Equity,TTM Net Income_y,Total Assets,Return on Assets,TTM Net Income,LT Investments & Debt,Return on Investment,revenue,cost-goods-sold,gross-profit,research-development-expenses,selling-general-administrative-expenses,operating-expenses,operating-income,total-non-operating-income-expense,pre-tax-income,total-provision-income-taxes,income-after-taxes,income-from-continuous-operations,net-income,ebitda,ebit,basic-shares-outstanding,shares-outstanding,eps-basic-net-earnings-per-share,eps-earnings-per-share-diluted,cash-on-hand,inventory,other-current-assets,total-current-assets,net-property-plant-equipment,long-term-investments,goodwill-intangible-assets-total,other-long-term-assets,total-long-term-assets,total-assets,total-current-liabilities,long-term-debt,other-non-current-liabilities,total-long-term-liabilities,total-liabilities,common-stock-net,retained-earnings-accumulated-deficit,comprehensive-income,total-share-holder-equity,total-liabilities-share-holders-equity,net-income-loss,total-depreciation-amortization-cash-flow,other-non-cash-items,total-non-cash-items,change-in-accounts-receivable,change-in-inventories,change-in-accounts-payable,change-in-assets-liabilities,total-change-in-assets-liabilities,cash-flow-from-operating-activities,net-change-in-property-plant-equipment,net-change-in-intangible-assets,net-acquisitions-divestitures,net-change-in-short-term-investments,net-change-in-long-term-investments,net-change-in-investments-total,investing-activities-other,cash-flow-from-investing-activities,net-long-term-debt,net-current-debt,debt-issuance-retirement-net-total,net-common-equity-issued-repurchased,net-total-equity-issued-repurchased,total-common-preferred-stock-dividends-paid,financial-activities-other,cash-flow-from-financial-activities,net-cash-flow,stock-based-compensation,common-stock-dividends-paid
0,2018-09-30,113.75,$92.24,1.23,$66.83,1.7,$-63.90,0.0,$9.17,12.4,$2.19B,$0.45B,4.87,$0.00B,$0.55B,0.0,$0.54B,$0.54B,100.00%,$0.54B,$0.11B,20.66%,$0.54B,$0.11B,20.66%,$0.54B,$0.15B,26.75%,$0.54B,$0.13B,23.62%,$0.54B,$0.07B,12.92%,$0.07B,$0.66B,11.07%,$0.07B,$0.02B,56.91%,$0.07B,$2.88B,2.62%,$0.11B,$0.66B,14.83%,$152,$0,$152,$0,$25,$118,$34,$1,$35,$7,$28,$28,$25,$45,$34,$7,8,$3.47,$3.19,$2097,$0,$17,$2193,$12,$0,$637,$20,$691,$2884,$450,$0,$1715,$1775,$2225,$0,$-313,$-1,$659,$2884,$75,$26,$-171,$-145,$10,$0,$0,$-2,$-31,$-102,$-3,$0,$-127,$0,$18,$18,$0,$-112,$253,$-13,$240,$-12,$-12,$-16,$-12,$199,$-14,$17,$-10
1,2018-06-30,127.51,$89.36,1.43,$63.39,2.01,$-63.97,0.0,$8.19,15.57,$2.15B,$0.08B,27.62,$0.25B,$0.53B,0.46,$0.51B,$0.51B,100.00%,$0.51B,$0.10B,18.48%,$0.51B,$0.10B,18.48%,$0.51B,$0.13B,25.10%,$0.51B,$0.12B,23.93%,$0.51B,$0.06B,12.06%,$0.06B,$0.64B,10.04%,$0.06B,$0.18B,41.82%,$0.06B,$2.69B,2.35%,$0.10B,$0.89B,12.82%,$133,$0,$133,$0,$1,$106,$27,$5,$33,$9,$23,$23,$21,$35,$27,$7,8,$2.91,$2.75,$2077,$0,$0,$2145,$11,$0,$462,$40,$545,$2690,$78,$245,$1723,$1972,$2050,$0,$-340,$-1,$640,$2690,$47,$15,$-162,$-147,$-5,$0,$0,$-4,$-55,$-155,$-2,$0,$0,$0,$18,$18,$0,$15,$-671,$0,$-671,$-8,$-8,$-11,$775,$85,$-54,$12,$-7
2,2018-03-31,122.89,$86.66,1.42,$60.90,2.02,$-37.69,0.0,$5.10,24.1,$1.99B,$0.06B,32.03,$0.25B,$0.52B,0.48,$0.48B,$0.48B,100.00%,$0.48B,$0.07B,14.95%,$0.48B,$0.07B,14.95%,$0.48B,$0.10B,21.47%,$0.48B,$0.09B,19.37%,$0.48B,$0.04B,8.21%,$0.04B,$0.63B,6.45%,$0.04B,$0.16B,29.94%,$0.04B,$2.54B,1.53%,$0.07B,$0.87B,9.75%,$129,$0,$129,$0,$22,$106,$23,$8,$30,$7,$24,$24,$21,$30,$23,$7,8,$2.95,$2.77,$1928,$0,$0,$1991,$11,$0,$467,$37,$547,$2538,$62,$245,$1601,$1851,$1913,$0,$-363,$-1,$625,$2538,$24,$8,$-41,$-33,$3,$0,$0,$-4,$-52,$-62,$-1,$0,$0,$0,$-20,$-20,$0,$-22,$349,$-350,$-1,$1,$1,$-5,$-9,$-14,$-98,$6,$-3
3,2017-12-31,113.81,$84.53,1.35,$57.33,1.99,$-32.49,0.0,$3.95,28.81,$2.04B,$0.37B,5.5,$0.00B,$0.49B,0.0,$0.43B,$0.43B,100.00%,$0.43B,$0.06B,13.62%,$0.43B,$0.06B,13.62%,$0.43B,$0.08B,19.72%,$0.43B,$0.08B,18.78%,$0.43B,$0.03B,6.81%,$0.03B,$0.61B,4.94%,$0.03B,$0.13B,13.33%,$0.03B,$2.59B,1.34%,$0.06B,$0.61B,8.94%,$128,$0,$128,$0,$35,$100,$28,$2,$30,$25,$6,$6,$3,$35,$28,$7,7,$0.44,$0.47,$1941,$0,$33,$2040,$11,$0,$472,$36,$551,$2591,$371,$0,$1610,$1614,$1986,$0,$-386,$-1,$605,$2591,$40,$26,$-265,$-239,$-1,$0,$0,$17,$16,$-183,$-2,$0,$-393,$0,$-21,$-21,$-1,$-417,$72,$474,$545,$102,$213,$-19,$11,$750,$151,$20,$-13
4,2017-09-30,114.35,$83.92,1.36,$49.88,2.29,$-3.43,0.0,$5.36,21.33,$2.18B,$0.38B,5.81,$0.00B,$0.49B,0.0,$0.38B,$0.38B,100.00%,$0.38B,$0.04B,11.38%,$0.38B,$0.04B,11.38%,$0.38B,$0.06B,16.93%,$0.38B,$0.06B,16.40%,$0.38B,$0.04B,10.05%,$0.04B,$0.60B,7.36%,$0.04B,$0.12B,15.00%,$0.04B,$2.74B,2.21%,$0.04B,$0.60B,7.34%,$124,$0,$124,$0,$21,$107,$17,$13,$30,$10,$21,$21,$17,$29,$17,$7,8,$2.32,$2.21,$2079,$0,$37,$2178,$12,$0,$477,$26,$564,$2742,$375,$0,$1699,$1766,$2141,$0,$-392,$-0,$601,$2742,$34,$18,$-147,$-128,$-9,$0,$0,$1,$-10,$-104,$-1,$0,$-393,$0,$-0,$-0,$5,$-389,$629,$-31,$598,$102,$213,$-14,$-1,$797,$303,$15,$-9
5,2017-06-30,108.91,$81.65,1.33,$45.79,2.38,$8.64,12.61,$5.14,21.19,$1.69B,$0.09B,19.32,$0.25B,$0.48B,0.52,$0.34B,$0.34B,100.00%,$0.34B,$0.04B,12.80%,$0.34B,$0.04B,12.80%,$0.34B,$0.05B,15.77%,$0.34B,$0.06B,16.37%,$0.34B,$0.04B,11.01%,$0.04B,$0.59B,7.66%,$0.04B,$0.11B,11.27%,$0.04B,$2.29B,2.93%,$0.04B,$0.84B,7.78%,$94,$0,$94,$0,$1,$91,$3,$-1,$2,$2,$0,$0,$-2,$8,$3,$7,7,$-0.34,$-0.34,$1628,$0,$0,$1687,$12,$0,$483,$54,$605,$2292,$87,$248,$1309,$1615,$1702,$0,$-411,$-0,$589,$2292,$14,$6,$63,$69,$-7,$0,$0,$1,$-28,$55,$-1,$0,$-394,$0,$-0,$-0,$5,$-389,$229,$0,$229,$109,$220,$-8,$-11,$431,$96,$9,$-6
6,2017-03-31,103.53,$79.04,1.31,$42.10,2.46,$7.13,14.51,$6.45,16.05,$0.49B,$0.05B,9.26,$0.00B,$0.44B,0.0,$0.32B,$0.32B,100.00%,$0.32B,$0.05B,15.22%,$0.32B,$0.05B,15.22%,$0.32B,$0.06B,18.63%,$0.32B,$0.07B,21.12%,$0.32B,$0.05B,14.60%,$0.05B,$0.55B,10.39%,$0.05B,$0.51B,11.56%,$0.05B,$1.01B,5.02%,$0.05B,$0.55B,10.65%,$80,$0,$80,$0,$15,$70,$10,$8,$18,$4,$14,$14,$11,$12,$10,$7,7,$1.67,$1.62,$452,$0,$0,$490,$7,$354,$45,$72,$524,$1013,$53,$0,$363,$408,$461,$0,$-410,$-0,$552,$1013,$14,$1,$6,$8,$-13,$0,$0,$1,$-37,$-15,$-0,$0,$0,$0,$-0,$-0,$6,$5,$-30,$-1,$-30,$110,$221,$-3,$-9,$179,$169,$3,$-3
7,2016-12-31,114.94,$54.62,2.1,$39.76,2.89,$4.85,23.7,$6.28,18.3,$0.77B,$0.08B,10.08,$0.03B,$0.32B,0.09,$0.32B,$0.32B,100.00%,$0.32B,$0.05B,16.15%,$0.32B,$0.05B,16.15%,$0.32B,$0.06B,19.57%,$0.32B,$0.07B,21.43%,$0.32B,$0.05B,14.91%,$0.05B,$0.32B,10.89%,$0.05B,$0.28B,12.17%,$0.05B,$0.82B,5.47%,$0.05B,$0.35B,10.67%,$80,$0,$80,$0,$16,$67,$13,$-0,$12,$1,$12,$12,$12,$15,$13,$8,8,$1.83,$1.79,$671,$0,$17,$771,$8,$0,$45,$0,$53,$824,$77,$30,$359,$426,$503,$0,$-424,$-0,$322,$824,$49,$12,$-45,$-33,$-2,$0,$0,$16,$15,$31,$-2,$0,$0,$0,$6,$6,$-1,$3,$-126,$316,$190,$-233,$-233,$-14,$9,$-48,$-15,$12,$-14
8,2016-09-30,94.82,$61.73,1.54,$39.17,2.42,$-22.69,0.0,$5.17,18.34,$0.81B,$0.08B,10.13,$0.00B,$0.47B,0.0,$0.33B,$0.33B,100.00%,$0.33B,$0.06B,17.07%,$0.33B,$0.06B,17.07%,$0.33B,$0.07B,20.43%,$0.33B,$0.07B,21.65%,$0.33B,$0.04B,13.11%,$0.04B,$0.47B,8.82%,$0.04B,$0.42B,9.75%,$0.04B,$0.93B,4.85%,$0.06B,$0.47B,9.92%,$82,$0,$82,$0,$17,$66,$17,$7,$23,$7,$16,$16,$16,$18,$17,$8,8,$2.04,$1.99,$773,$0,$0,$810,$8,$0,$46,$22,$120,$930,$80,$0,$350,$380,$460,$0,$-437,$-0,$470,$930,$37,$10,$-48,$-38,$-0,$0,$0,$13,$0,$-1,$-1,$0,$-2,$0,$8,$8,$0,$5,$160,$0,$160,$-72,$-72,$-11,$1,$78,$82,$9,$-11
9,2016-06-30,68.6,$60.39,1.14,$39.21,1.75,$-29.28,0.0,$3.11,22.06,$0.51B,$0.37B,1.38,$0.00B,$0.47B,0.0,$0.34B,$0.34B,100.00%,$0.34B,$0.06B,18.34%,$0.34B,$0.06B,18.34%,$0.34B,$0.08B,22.19%,$0.34B,$0.05B,15.98%,$0.34B,$0.03B,7.69%,$0.03B,$0.47B,5.15%,$0.03B,$0.42B,5.68%,$0.03B,$0.98B,3.02%,$0.06B,$0.47B,10.61%,$80,$0,$80,$0,$17,$71,$9,$6,$15,$6,$9,$9,$8,$15,$9,$8,8,$0.99,$0.97,$471,$0,$3,$509,$8,$345,$46,$19,$466,$975,$370,$0,$111,$138,$509,$0,$-452,$-0,$466,$975,$21,$8,$39,$47,$1,$0,$0,$9,$-15,$52,$-1,$0,$-1,$0,$9,$9,$0,$7,$160,$0,$160,$-61,$-61,$-8,$0,$92,$150,$7,$-8
10,2016-03-31,74.81,$61.18,1.22,$40.61,1.84,$-35.55,0.0,$3.22,23.23,$0.60B,$0.06B,9.93,$0.16B,$0.51B,0.31,$0.36B,$0.36B,100.00%,$0.36B,$0.07B,19.27%,$0.36B,$0.07B,19.27%,$0.36B,$0.08B,22.35%,$0.36B,$0.06B,15.64%,$0.36B,$0.03B,7.82%,$0.03B,$0.51B,5.30%,$0.03B,$0.46B,5.83%,$0.03B,$0.78B,3.51%,$0.07B,$0.66B,11.36%,$80,$0,$80,$0,$18,$68,$13,$7,$19,$8,$12,$12,$12,$15,$13,$8,9,$1.48,$1.45,$556,$0,$2,$596,$9,$0,$47,$81,$186,$781,$60,$155,$20,$216,$276,$0,$-460,$-1,$505,$781,$12,$2,$-16,$-14,$-5,$0,$0,$4,$-36,$-38,$-1,$0,$-1,$0,$-0,$-0,$0,$-1,$1,$0,$1,$-15,$-15,$-4,$19,$2,$-38,$3,$-4
11,2015-12-31,111.95,$60.66,1.85,$42.51,2.63,$-33.84,0.0,$3.88,28.85,$0.73B,$0.08B,9.44,$0.15B,$0.51B,0.3,$0.38B,$0.38B,100.00%,$0.38B,$0.08B,21.20%,$0.38B,$0.08B,21.20%,$0.38B,$0.09B,24.61%,$0.38B,$0.07B,17.80%,$0.38B,$0.04B,9.16%,$0.04B,$0.51B,6.45%,$0.04B,$0.46B,7.06%,$0.04B,$0.86B,4.53%,$0.08B,$0.66B,13.88%,$86,$0,$86,$0,$20,$70,$17,$-2,$14,$9,$6,$6,$7,$19,$17,$9,9,$0.80,$0.80,$687,$0,$0,$726,$9,$0,$48,$23,$134,$860,$77,$153,$47,$273,$350,$0,$-473,$-1,$509,$860,$31,$15,$-194,$-179,$11,$0,$0,$-72,$-61,$-209,$-5,$0,$0,$0,$-2,$-2,$0,$-6,$152,$0,$152,$-80,$-80,$-16,$54,$110,$-106,$12,$-16
12,2015-09-30,95.39,$62.22,1.53,$44.97,2.12,$-16.54,0.0,$5.17,18.45,$0.69B,$0.08B,8.42,$0.01B,$0.54B,0.02,$0.41B,$0.41B,100.00%,$0.41B,$0.10B,24.75%,$0.41B,$0.10B,24.75%,$0.41B,$0.12B,28.68%,$0.41B,$0.09B,21.32%,$0.41B,$0.05B,11.52%,$0.05B,$0.54B,8.45%,$0.05B,$0.49B,9.23%,$0.05B,$0.83B,6.42%,$0.10B,$0.55B,18.08%,$92,$0,$92,$0,$22,$69,$23,$-17,$6,$10,$-4,$-4,$-1,$26,$23,$9,9,$-0.07,$-0.07,$642,$0,$10,$692,$9,$0,$48,$17,$134,$827,$82,$9,$146,$205,$287,$0,$-479,$-1,$539,$827,$25,$12,$-83,$-71,$4,$0,$0,$-7,$-11,$-57,$-4,$0,$-2,$0,$-0,$-0,$0,$-5,$9,$0,$9,$-45,$-45,$-12,$36,$-12,$-74,$9,$-12
13,2015-06-30,125.06,$63.38,1.97,$47.14,2.65,$-20.84,0.0,$9.26,13.51,$0.58B,$0.08B,7.76,$0.00B,$0.56B,0.0,$0.43B,$0.43B,100.00%,$0.43B,$0.12B,26.96%,$0.43B,$0.12B,26.96%,$0.43B,$0.14B,31.34%,$0.43B,$0.12B,26.73%,$0.43B,$0.09B,19.59%,$0.09B,$0.56B,15.13%,$0.09B,$0.51B,16.53%,$0.09B,$0.72B,12.16%,$0.12B,$0.56B,20.83%,$100,$0,$100,$0,$24,$83,$16,$1,$17,$8,$9,$9,$10,$20,$16,$9,9,$1.10,$1.08,$537,$0,$0,$580,$9,$0,$49,$23,$142,$722,$75,$0,$33,$88,$163,$0,$-478,$-1,$559,$722,$29,$9,$-25,$-16,$5,$0,$0,$-0,$-11,$2,$-3,$0,$-2,$0,$-0,$-0,$0,$-5,$1,$0,$1,$-28,$-28,$-8,$31,$-5,$-8,$6,$-8
14,2015-03-31,123.26,$63.41,1.94,$48.21,2.56,$-30.61,0.0,$10.28,11.99,$0.54B,$0.05B,10.0,$0.00B,$0.57B,0.0,$0.45B,$0.45B,100.00%,$0.45B,$0.12B,27.74%,$0.45B,$0.12B,27.74%,$0.45B,$0.15B,32.44%,$0.45B,$0.13B,29.31%,$0.45B,$0.10B,21.25%,$0.10B,$0.57B,17.26%,$0.10B,$0.52B,18.87%,$0.10B,$0.68B,13.99%,$0.12B,$0.57B,22.52%,$104,$0,$104,$0,$25,$79,$25,$6,$31,$11,$20,$20,$19,$29,$25,$9,9,$2.16,$2.11,$489,$0,$0,$542,$9,$0,$46,$26,$138,$680,$54,$0,$26,$61,$115,$0,$-488,$-1,$565,$680,$20,$5,$-6,$-1,$-6,$0,$0,$-2,$-43,$-25,$-1,$0,$0,$0,$-0,$-0,$0,$-1,$1,$0,$1,$-14,$-14,$-4,$8,$-9,$-35,$3,$-4
15,2014-12-31,160.18,$62.76,2.55,$48.38,3.31,$-31.34,0.0,$10.51,15.24,$0.56B,$0.10B,5.44,$0.00B,$0.56B,0.0,$0.45B,$0.45B,100.00%,$0.45B,$0.13B,29.27%,$0.45B,$0.13B,29.27%,$0.45B,$0.16B,34.37%,$0.45B,$0.14B,30.16%,$0.45B,$0.10B,21.73%,$0.10B,$0.56B,18.26%,$0.10B,$0.52B,20.04%,$0.10B,$0.70B,14.95%,$0.13B,$0.56B,24.59%,$112,$0,$112,$0,$28,$75,$37,$-3,$33,$15,$18,$18,$19,$42,$37,$9,9,$2.10,$2.05,$512,$0,$0,$561,$7,$0,$47,$23,$137,$699,$103,$0,$9,$32,$135,$0,$-508,$-0,$563,$699,$97,$25,$-182,$-158,$-4,$0,$0,$-12,$2,$-59,$-2,$0,$0,$0,$-5,$-5,$-0,$-8,$3,$0,$3,$-40,$-40,$-8,$44,$-1,$-68,$10,$-8
16,2014-09-30,162.78,$61.86,2.63,$48.94,3.33,$-21.56,0.0,$11.11,14.65,$0.54B,$0.08B,6.76,$0.00B,$0.56B,0.0,$0.45B,$0.45B,100.00%,$0.45B,$0.13B,28.99%,$0.45B,$0.13B,28.99%,$0.45B,$0.15B,34.38%,$0.45B,$0.14B,32.36%,$0.45B,$0.10B,23.37%,$0.10B,$0.56B,20.03%,$0.10B,$0.51B,22.09%,$0.10B,$0.70B,16.20%,$0.13B,$0.56B,24.84%,$118,$0,$118,$0,$29,$79,$39,$-4,$35,$-2,$37,$37,$37,$45,$39,$9,9,$4.10,$4.02,$491,$0,$0,$544,$7,$0,$48,$37,$152,$696,$81,$0,$33,$55,$136,$0,$-526,$-0,$560,$696,$79,$19,$-177,$-158,$-18,$0,$0,$-13,$-23,$-102,$-2,$0,$-5,$0,$-0,$-0,$-0,$-7,$0,$0,$0,$-26,$-26,$-4,$42,$12,$-98,$7,$-4
17,2014-06-30,198.01,$56.41,3.51,$48.45,4.09,$-7.37,0.0,$9.65,20.52,$0.51B,$0.07B,7.59,$0.00B,$0.51B,0.0,$0.43B,$0.43B,100.00%,$0.43B,$0.12B,28.57%,$0.43B,$0.12B,28.57%,$0.43B,$0.15B,33.96%,$0.43B,$0.14B,33.49%,$0.43B,$0.09B,20.61%,$0.09B,$0.51B,17.75%,$0.09B,$0.47B,19.71%,$0.09B,$0.64B,14.23%,$0.12B,$0.51B,24.51%,$113,$0,$113,$0,$39,$90,$23,$9,$32,$12,$20,$20,$20,$29,$23,$9,9,$2.14,$2.10,$455,$0,$0,$509,$8,$0,$48,$19,$131,$641,$67,$0,$49,$59,$126,$0,$-564,$0,$514,$641,$42,$13,$-126,$-113,$-5,$0,$0,$-9,$-19,$-91,$-1,$0,$0,$0,$-0,$-0,$-0,$-2,$0,$0,$0,$-12,$-12,$0,$4,$-8,$-101,$5,$0
18,2014-03-31,161.94,$55.67,2.91,$48.29,3.35,$5.15,31.46,$9.46,17.12,$0.46B,$0.05B,9.6,$0.00B,$0.51B,0.0,$0.41B,$0.41B,100.00%,$0.41B,$0.13B,30.73%,$0.41B,$0.13B,30.73%,$0.41B,$0.15B,36.10%,$0.41B,$0.14B,32.93%,$0.41B,$0.08B,20.24%,$0.08B,$0.51B,19.25%,$0.08B,$0.46B,21.78%,$0.08B,$0.59B,15.26%,$0.13B,$0.51B,28.70%,$108,$0,$108,$0,$28,$75,$33,$3,$36,$14,$22,$22,$22,$39,$33,$9,9,$2.41,$2.34,$402,$0,$0,$456,$7,$0,$49,$17,$130,$586,$48,$0,$24,$28,$76,$0,$-583,$-0,$510,$586,$22,$6,$-28,$-22,$-5,$0,$0,$2,$-33,$-33,$-0,$0,$0,$0,$-0,$-0,$-0,$-1,$0,$0,$0,$0,$0,$0,$-0,$-0,$-34,$2,$0
19,2013-12-31,187.07,$54.13,3.46,$47.42,3.95,$7.99,23.42,$8.85,21.14,$0.50B,$0.08B,6.0,$0.00B,$0.49B,0.0,$0.39B,$0.39B,100.00%,$0.39B,$0.11B,29.38%,$0.39B,$0.11B,29.38%,$0.39B,$0.14B,34.79%,$0.39B,$0.12B,31.44%,$0.39B,$0.08B,19.33%,$0.08B,$0.49B,20.55%,$0.08B,$0.44B,23.90%,$0.08B,$0.65B,15.75%,$0.11B,$0.49B,30.12%,$106,$0,$106,$0,$27,$73,$34,$7,$41,$14,$27,$27,$25,$40,$34,$8,8,$2.78,$2.72,$448,$0,$0,$498,$7,$0,$50,$25,$147,$645,$83,$0,$27,$69,$152,$0,$-605,$-0,$493,$645,$77,$21,$-88,$-67,$-13,$0,$0,$1,$18,$29,$-2,$0,$-3,$0,$-0,$-0,$-1,$-6,$0,$0,$0,$173,$173,$0,$13,$185,$208,$8,$0
20,2013-09-30,152.09,$51.18,2.97,$44.57,3.41,$9.27,16.41,$7.70,19.75,$0.46B,$0.11B,4.23,$0.01B,$0.47B,0.02,$0.36B,$0.36B,100.00%,$0.36B,$0.10B,27.70%,$0.36B,$0.10B,27.70%,$0.36B,$0.12B,33.24%,$0.36B,$0.10B,28.81%,$0.36B,$0.06B,17.17%,$0.06B,$0.47B,20.48%,$0.06B,$0.42B,24.73%,$0.06B,$0.60B,15.57%,$0.10B,$0.47B,31.25%,$100,$0,$100,$0,$25,$69,$32,$2,$34,$13,$21,$21,$21,$37,$32,$8,8,$2.64,$2.56,$362,$0,$43,$461,$7,$19,$51,$0,$140,$602,$109,$8,$0,$27,$136,$0,$-630,$-0,$466,$602,$50,$15,$-33,$-18,$-10,$0,$0,$0,$-6,$26,$-2,$0,$-3,$0,$-0,$-0,$-1,$-6,$-15,$0,$-15,$173,$173,$0,$3,$161,$181,$6,$0
21,2013-06-30,164.83,$32.78,5.03,$41.22,4.0,$7.77,21.21,$6.57,25.09,$0.20B,$0.05B,3.71,$0.02B,$0.26B,0.09,$0.33B,$0.33B,100.00%,$0.33B,$0.09B,25.83%,$0.33B,$0.09B,25.83%,$0.33B,$0.11B,31.53%,$0.33B,$0.09B,26.73%,$0.33B,$0.05B,15.92%,$0.05B,$0.26B,21.59%,$0.05B,$0.21B,27.53%,$0.05B,$0.34B,16.27%,$0.09B,$0.28B,32.30%,$96,$0,$96,$0,$24,$69,$27,$-3,$24,$9,$15,$15,$15,$32,$27,$8,8,$1.97,$1.91,$135,$0,$2,$201,$8,$17,$52,$0,$142,$343,$54,$23,$0,$32,$86,$0,$-651,$-0,$256,$343,$29,$10,$1,$11,$-8,$0,$0,$-1,$-17,$22,$-1,$0,$-3,$0,$-0,$-0,$-1,$-5,$0,$0,$0,$-15,$-15,$0,$5,$-9,$7,$4,$0
22,2013-03-31,174.2,$31.35,5.56,$37.56,4.64,$6.89,25.29,$5.70,30.56,$0.15B,$0.05B,3.43,$0.02B,$0.25B,0.09,$0.30B,$0.30B,100.00%,$0.30B,$0.07B,24.01%,$0.30B,$0.07B,24.01%,$0.30B,$0.09B,29.93%,$0.30B,$0.08B,25.99%,$0.30B,$0.05B,15.13%,$0.05B,$0.25B,19.33%,$0.05B,$0.19B,25.00%,$0.05B,$0.32B,14.76%,$0.07B,$0.27B,28.21%,$86,$0,$86,$0,$22,$65,$21,$2,$23,$8,$14,$14,$14,$26,$21,$8,8,$1.79,$1.73,$104,$0,$1,$154,$8,$12,$53,$0,$161,$315,$45,$23,$0,$25,$70,$0,$-666,$-0,$245,$315,$14,$5,$-0,$5,$-6,$0,$0,$-0,$-24,$-5,$-1,$0,$0,$0,$-0,$-0,$-1,$-2,$0,$0,$0,$-10,$-10,$0,$-0,$-11,$-18,$1,$0
23,2012-12-31,113.09,$31.23,3.62,$34.74,3.26,$6.28,18.0,$4.65,24.32,$0.16B,$0.06B,2.66,$0.02B,$0.24B,0.06,$0.28B,$0.28B,100.00%,$0.28B,$0.06B,21.43%,$0.28B,$0.06B,21.43%,$0.28B,$0.08B,27.50%,$0.28B,$0.07B,23.21%,$0.28B,$0.04B,13.21%,$0.04B,$0.24B,15.90%,$0.04B,$0.19B,20.76%,$0.04B,$0.33B,12.23%,$0.06B,$0.26B,23.67%,$79,$0,$79,$0,$20,$58,$20,$2,$23,$11,$12,$12,$12,$25,$20,$8,8,$1.59,$1.51,$125,$0,$0,$162,$8,$0,$54,$12,$170,$333,$61,$15,$9,$27,$88,$0,$-680,$-0,$244,$333,$38,$17,$-20,$-4,$-10,$0,$0,$-0,$6,$40,$-4,$0,$0,$0,$-0,$-0,$-1,$-5,$0,$0,$0,$-6,$-6,$0,$-10,$-16,$18,$7,$0
24,2012-09-30,80.42,$30.20,2.66,$33.19,2.42,$5.17,15.55,$19.50,4.12,$0.13B,$0.05B,2.56,$0.02B,$0.24B,0.1,$0.26B,$0.26B,100.00%,$0.26B,$0.05B,18.68%,$0.26B,$0.05B,18.68%,$0.26B,$0.06B,24.90%,$0.26B,$0.05B,19.84%,$0.26B,$0.14B,52.53%,$0.14B,$0.24B,59.67%,$0.14B,$0.18B,79.06%,$0.14B,$0.31B,46.43%,$0.05B,$0.26B,19.30%,$72,$0,$72,$0,$18,$54,$18,$1,$19,$7,$12,$12,$12,$22,$18,$8,8,$1.48,$1.43,$95,$0,$1,$134,$7,$10,$54,$0,$178,$312,$52,$23,$0,$23,$75,$0,$-693,$-0,$237,$312,$25,$12,$-23,$-11,$-6,$0,$0,$4,$-0,$15,$-3,$0,$0,$0,$-1,$-1,$0,$-3,$0,$0,$0,$-1,$-1,$0,$-12,$-13,$-2,$5,$0
25,2012-06-30,75.75,$28.91,2.62,$33.24,2.28,$4.71,16.09,$17.51,4.33,$0.10B,$0.04B,2.71,$0.02B,$0.23B,0.1,$0.24B,$0.24B,100.00%,$0.24B,$0.03B,11.67%,$0.24B,$0.03B,11.67%,$0.24B,$0.04B,18.33%,$0.24B,$0.03B,11.67%,$0.24B,$0.12B,50.00%,$0.12B,$0.23B,63.91%,$0.12B,$0.17B,90.57%,$0.12B,$0.29B,47.90%,$0.03B,$0.25B,13.32%,$67,$0,$67,$0,$16,$53,$14,$-0,$14,$6,$8,$8,$8,$18,$14,$8,8,$1.08,$1.04,$64,$0,$0,$102,$7,$9,$55,$0,$184,$287,$38,$23,$0,$23,$60,$0,$-704,$0,$226,$287,$14,$8,$7,$16,$-6,$0,$0,$2,$-13,$16,$-2,$0,$0,$0,$-0,$-0,$0,$-3,$0,$0,$0,$1,$1,$0,$-12,$-10,$3,$4,$0
26,2012-03-31,80.22,$29.52,2.72,$32.07,2.5,$2.95,27.19,$16.77,4.78,$0.09B,$0.03B,2.81,$0.02B,$0.22B,0.1,$0.22B,$0.22B,100.00%,$0.22B,$0.02B,7.66%,$0.22B,$0.02B,7.66%,$0.22B,$0.03B,14.86%,$0.22B,$0.02B,8.11%,$0.22B,$0.11B,51.35%,$0.11B,$0.22B,74.27%,$0.11B,$0.17B,116.33%,$0.11B,$0.28B,52.66%,$0.02B,$0.25B,9.69%,$62,$0,$62,$0,$19,$54,$8,$1,$9,$4,$5,$5,$5,$12,$8,$7,8,$0.72,$0.68,$49,$0,$0,$87,$7,$10,$56,$0,$192,$278,$31,$23,$0,$23,$54,$0,$-713,$-0,$224,$278,$5,$4,$1,$5,$-4,$0,$0,$1,$-20,$-9,$-1,$0,$0,$0,$-0,$-0,$0,$-2,$0,$0,$0,$1,$1,$0,$-2,$-1,$-12,$2,$0
27,2011-12-31,71.08,$35.29,2.01,$30.62,2.32,$3.30,21.54,$16.52,4.3,$0.09B,$0.05B,1.99,$0.02B,$0.18B,0.12,$0.20B,$0.20B,100.00%,$0.20B,$0.01B,6.37%,$0.20B,$0.01B,6.37%,$0.20B,$0.03B,14.22%,$0.20B,$0.01B,6.86%,$0.20B,$0.11B,54.90%,$0.11B,$0.22B,94.12%,$0.11B,$0.16B,177.08%,$0.11B,$0.29B,61.29%,$0.01B,$0.24B,9.24%,$56,$0,$56,$0,$13,$48,$8,$0,$9,$-132,$141,$141,$110,$12,$8,$6,7,$17.73,$16.17,$60,$0,$0,$93,$5,$9,$57,$0,$194,$286,$47,$21,$0,$21,$68,$0,$-718,$-0,$218,$286,$145,$15,$-142,$-127,$-6,$0,$0,$-2,$6,$24,$-1,$0,$0,$0,$-0,$-0,$-3,$-4,$0,$0,$0,$-7,$-7,$-10,$-2,$-18,$1,$6,$0
28,2011-09-30,50.14,$13.30,3.77,$28.73,1.75,$3.34,15.03,$0.62,80.87,$0.08B,$0.04B,2.14,$0.02B,$0.05B,0.45,$0.19B,$0.19B,100.00%,$0.19B,$0.01B,4.76%,$0.19B,$0.01B,4.76%,$0.19B,$0.02B,12.70%,$0.19B,$0.01B,5.29%,$0.19B,$0.01B,2.65%,$0.01B,$0.08B,5.85%,$0.01B,$0.03B,16.95%,$0.01B,$0.15B,3.37%,$0.01B,$0.11B,8.39%,$55,$0,$55,$0,$23,$58,$-2,$-2,$-4,$-1,$-3,$-3,$-3,$2,$-2,$6,6,$-0.56,$-0.56,$51,$0,$0,$81,$6,$9,$55,$0,$70,$151,$38,$21,$0,$30,$68,$0,$-859,$-0,$83,$151,$5,$11,$-11,$0,$-1,$0,$0,$4,$2,$7,$-0,$0,$0,$0,$-0,$-0,$0,$-1,$0,$0,$0,$-7,$-7,$-2,$-1,$-11,$-5,$4,$0
29,2011-06-30,56.76,$14.27,3.98,$25.25,2.25,$4.24,13.37,$1.55,36.62,$0.08B,$0.03B,2.46,$0.02B,$0.05B,0.41,$0.17B,$0.17B,100.00%,$0.17B,$0.01B,8.24%,$0.17B,$0.01B,8.24%,$0.17B,$0.03B,16.47%,$0.17B,$0.02B,10.59%,$0.17B,$0.01B,5.88%,$0.01B,$0.09B,11.76%,$0.01B,$0.03B,35.09%,$0.01B,$0.15B,6.88%,$0.01B,$0.11B,13.66%,$49,$0,$49,$0,$12,$45,$3,$0,$4,$0,$3,$3,$2,$7,$3,$6,7,$0.33,$0.30,$52,$0,$0,$80,$6,$10,$56,$0,$72,$151,$32,$21,$0,$30,$63,$0,$-856,$-0,$89,$151,$8,$7,$-9,$-2,$-4,$0,$0,$-1,$-6,$0,$-0,$0,$0,$0,$-0,$-0,$0,$-1,$0,$0,$0,$-4,$-4,$-1,$-1,$-7,$-7,$3,$0
30,2011-03-31,55.1,$13.86,3.97,$24.10,2.29,$5.02,10.97,$1.17,47.09,$0.07B,$0.03B,2.79,$0.02B,$0.05B,0.43,$0.16B,$0.16B,100.00%,$0.16B,$0.01B,7.69%,$0.16B,$0.01B,7.69%,$0.16B,$0.03B,16.03%,$0.16B,$0.02B,9.62%,$0.16B,$0.01B,5.13%,$0.01B,$0.09B,9.73%,$0.01B,$0.03B,31.37%,$0.01B,$0.14B,5.69%,$0.01B,$0.11B,12.50%,$44,$0,$44,$0,$11,$40,$4,$0,$5,$0,$4,$4,$3,$8,$4,$6,7,$0.48,$0.43,$45,$0,$0,$72,$6,$8,$57,$0,$71,$143,$26,$22,$0,$30,$56,$0,$-859,$-0,$86,$143,$4,$3,$-3,$-0,$-2,$0,$0,$-0,$-11,$-7,$-0,$0,$0,$0,$-0,$-0,$0,$-0,$0,$0,$0,$-2,$-2,$-1,$-1,$-4,$-11,$1,$0
31,2010-12-31,42.43,$13.47,3.15,$23.16,1.83,$5.20,8.16,$0.77,55.1,$0.08B,$0.03B,2.29,$0.02B,$0.05B,0.45,$0.15B,$0.15B,100.00%,$0.15B,$0.01B,6.21%,$0.15B,$0.01B,6.21%,$0.15B,$0.02B,14.48%,$0.15B,$0.01B,7.59%,$0.15B,$0.01B,3.45%,$0.01B,$0.08B,6.25%,$0.01B,$0.03B,21.98%,$0.01B,$0.15B,3.67%,$0.01B,$0.11B,10.03%,$41,$0,$41,$0,$10,$36,$4,$0,$5,$0,$4,$4,$3,$7,$4,$6,6,$0.54,$0.50,$54,$0,$0,$78,$7,$6,$58,$0,$71,$149,$34,$22,$0,$31,$65,$0,$-864,$-0,$84,$149,$10,$12,$-2,$10,$-2,$0,$0,$0,$3,$22,$-0,$0,$0,$0,$-2,$-2,$0,$-2,$0,$0,$0,$-1,$-1,$-3,$-1,$-5,$15,$4,$0
32,2010-09-30,28.3,$12.89,2.19,$22.56,1.25,$-0.34,0.0,$0.41,69.02,$0.07B,$0.03B,2.46,$0.01B,$0.05B,0.13,$0.14B,$0.14B,100.00%,$0.14B,$0.01B,4.38%,$0.14B,$0.01B,4.38%,$0.14B,$0.02B,13.14%,$0.14B,$0.01B,5.11%,$0.14B,$0.00B,2.19%,$0.00B,$0.08B,3.85%,$0.00B,$0.03B,14.81%,$0.00B,$0.14B,2.26%,$0.01B,$0.09B,6.86%,$36,$0,$36,$0,$8,$33,$3,$1,$4,$0,$4,$4,$2,$6,$3,$6,7,$0.39,$0.37,$47,$0,$0,$69,$7,$6,$56,$0,$69,$138,$28,$6,$15,$29,$57,$0,$-868,$-0,$81,$138,$5,$9,$-1,$8,$1,$0,$0,$0,$-1,$13,$-0,$0,$0,$0,$-1,$-1,$0,$-1,$0,$0,$0,$0,$0,$-3,$-1,$-3,$8,$3,$0
33,2010-06-30,17.51,$13.35,1.31,$22.34,0.78,$-5.40,0.0,$-0.10,0.0,$0.06B,$0.02B,2.53,$0.01B,$0.03B,0.17,$0.13B,$0.13B,100.00%,$0.13B,$0.00B,1.53%,$0.13B,$0.00B,1.53%,$0.13B,$0.01B,10.69%,$0.13B,$0.00B,2.29%,$0.13B,0,0.00%,$0.00B,$0.08B,0.00%,$0.00B,$0.02B,0.00%,$0.00B,$0.13B,0.00%,$0.00B,$0.08B,2.22%,$35,$0,$35,$0,$8,$34,$1,$-1,$1,$0,$0,$0,$-0,$4,$1,$6,6,$-0.08,$-0.08,$40,$0,$0,$62,$7,$6,$57,$0,$70,$132,$24,$5,$15,$29,$53,$0,$-872,$-0,$78,$132,$1,$6,$0,$6,$1,$0,$0,$1,$-3,$4,$-0,$0,$0,$0,$-0,$-0,$0,$-0,$0,$0,$0,$0,$0,$-1,$-0,$-1,$3,$2,$0
34,2010-03-31,19.49,$13.17,1.48,$21.07,0.92,$-10.14,0.0,$-0.56,0.0,$0.05B,$0.02B,2.77,$0.01B,$0.03B,0.19,$0.12B,$0.12B,100.00%,$0.12B,$-0.00B,-1.63%,$0.12B,$-0.00B,-1.63%,$0.12B,$0.01B,8.13%,$0.12B,0,0.00%,$0.12B,$-0.00B,-2.44%,$-0.00B,$0.08B,-3.97%,$-0.00B,$0.02B,-19.67%,$-0.00B,$0.13B,-2.33%,$-0.00B,$0.08B,-2.25%,$33,$0,$33,$0,$7,$33,$1,$0,$1,$-0,$1,$1,$0,$4,$1,$6,6,$0.02,$0.02,$32,$0,$0,$54,$8,$6,$58,$0,$72,$126,$20,$6,$15,$29,$49,$0,$-872,$-0,$77,$126,$1,$3,$-1,$2,$1,$0,$0,$0,$-8,$-5,$-0,$0,$0,$0,$-0,$-0,$0,$-0,$0,$0,$0,$0,$0,$-1,$-0,$-1,$-6,$1,$0
35,2009-12-31,14.87,$12.99,1.14,$20.16,0.74,$-13.31,0.0,$-1.77,0.0,$0.06B,$0.03B,2.12,$0.02B,$0.03B,0.71,$0.12B,$0.12B,100.00%,$0.12B,$-0.01B,-6.03%,$0.12B,$-0.01B,-6.03%,$0.12B,$0.01B,4.31%,$0.12B,$-0.01B,-6.03%,$0.12B,$-0.01B,-8.62%,$-0.01B,$0.08B,-13.29%,$-0.01B,$0.02B,-74.07%,$-0.01B,$0.13B,-7.77%,$-0.01B,$0.10B,-7.98%,$33,$0,$33,$0,$8,$32,$1,$-0,$1,$-0,$1,$1,$1,$4,$1,$6,6,$0.10,$0.10,$38,$0,$0,$61,$8,$5,$60,$0,$73,$134,$29,$21,$0,$30,$58,$0,$-873,$-0,$76,$134,$-6,$12,$-2,$10,$-1,$0,$0,$-4,$-15,$-12,$-1,$0,$0,$0,$-1,$-1,$0,$-2,$-5,$0,$-5,$0,$0,$-3,$-1,$-9,$-22,$4,$0
