,Date,Stock Price,Book Value per Share,Price to Book Ratio,TTM Sales per Share,Price to Sales Ratio,TTM FCF per Share,Price to FCF Ratio,TTM Net EPS,PE Ratio,Current Assets,Current Liabilities,Current Ratio,Long Term Debt,Shareholder's Equity_x,Debt to Equity Ratio,TTM Revenue_x,TTM Gross Profit,Gross Margin,TTM Revenue_y,TTM Operating Income,Operating Margin,TTM Revenue_x,TTM EBIT,EBIT Margin,TTM Revenue_y,TTM EBITDA,EBITDA Margin,TTM Revenue_x,TTM Pre-Tax Income,Pre-Tax Margin,TTM Revenue_y,TTM Net Income_x,Net Margin,TTM Net Income_y,Shareholder's Equity_y,Return on Equity,TTM Net Income_x,Tangible Equity,Return on Tangible Equity,TTM Net Income_y,Total Assets,Return on Assets,TTM Net Income,LT Investments & Debt,Return on Investment,revenue,cost-goods-sold,gross-profit,research-development-expenses,selling-general-administrative-expenses,operating-expenses,operating-income,total-non-operating-income-expense,pre-tax-income,total-provision-income-taxes,income-after-taxes,income-from-continuous-operations,net-income,ebitda,ebit,basic-shares-outstanding,shares-outstanding,eps-basic-net-earnings-per-share,eps-earnings-per-share-diluted,cash-on-hand,inventory,other-current-assets,total-current-assets,net-property-plant-equipment,long-term-investments,goodwill-intangible-assets-total,other-long-term-assets,total-long-term-assets,total-assets,total-current-liabilities,long-term-debt,other-non-current-liabilities,total-long-term-liabilities,total-liabilities,common-stock-net,retained-earnings-accumulated-deficit,comprehensive-income,total-share-holder-equity,total-liabilities-share-holders-equity,net-income-loss,total-depreciation-amortization-cash-flow,other-non-cash-items,total-non-cash-items,change-in-accounts-receivable,change-in-inventories,change-in-accounts-payable,change-in-assets-liabilities,total-change-in-assets-liabilities,cash-flow-from-operating-activities,net-change-in-property-plant-equipment,net-change-in-intangible-assets,net-acquisitions-divestitures,net-change-in-short-term-investments,net-change-in-long-term-investments,net-change-in-investments-total,investing-activities-other,cash-flow-from-investing-activities,net-long-term-debt,net-current-debt,debt-issuance-retirement-net-total,net-common-equity-issued-repurchased,net-total-equity-issued-repurchased,total-common-preferred-stock-dividends-paid,financial-activities-other,cash-flow-from-financial-activities,net-cash-flow,stock-based-compensation,common-stock-dividends-paid
0,2018-09-30,53.71,$15.61,3.44,$38.68,1.39,$2.88,18.67,$-0.56,0.0,$0.55B,$0.22B,2.44,$0.32B,$0.36B,0.88,$1.15B,$0.34B,29.28%,$1.15B,$0.06B,5.04%,$1.15B,$0.06B,5.04%,$1.15B,$0.09B,7.65%,$1.15B,$0.03B,2.61%,$1.15B,$-0.02B,-1.39%,$-0.02B,$0.47B,-2.88%,$-0.02B,$0.10B,-7.86%,$-0.02B,$1.09B,-1.49%,$0.06B,$0.78B,7.16%,$306,$216,$89,$0,$75,$292,$14,$-12,$2,$-0,$2,$2,$0,$22,$14,$30,31,$0.01,$0.01,$232,$0,$19,$545,$120,$3,$369,$16,$546,$1091,$223,$315,$45,$401,$624,$0,$232,$-64,$467,$1091,$-4,$15,$30,$45,$-2,$0,$0,$-15,$-9,$33,$-18,$0,$-0,$-69,$61,$-8,$0,$-27,$26,$0,$26,$1,$1,$-2,$-36,$-12,$-17,$17,$0
1,2018-06-30,48.68,$17.78,2.74,$37.02,1.31,$3.12,15.58,$-0.45,0.0,$0.53B,$0.21B,2.5,$0.29B,$0.42B,0.68,$1.09B,$0.32B,29.09%,$1.09B,$0.05B,4.94%,$1.09B,$0.05B,4.94%,$1.09B,$0.08B,7.69%,$1.09B,$0.04B,3.39%,$1.09B,$-0.01B,-1.10%,$-0.01B,$0.53B,-1.97%,$-0.01B,$0.15B,-4.24%,$-0.01B,$1.09B,-1.16%,$0.05B,$0.81B,6.65%,$300,$216,$84,$0,$70,$286,$14,$-14,$0,$6,$-6,$-6,$-7,$22,$14,$30,30,$-0.25,$-0.25,$212,$0,$21,$529,$124,$3,$381,$17,$561,$1090,$212,$285,$45,$350,$562,$0,$231,$-54,$528,$1090,$-6,$8,$15,$22,$-13,$0,$1,$-10,$-24,$-7,$-13,$0,$0,$-9,$0,$-9,$0,$-22,$-1,$0,$-1,$0,$0,$-1,$-2,$-4,$-40,$8,$0
2,2018-03-31,48.46,$18.35,2.64,$34.41,1.41,$3.73,12.98,$-0.10,0.0,$0.55B,$0.22B,2.54,$0.29B,$0.44B,0.66,$1.02B,$0.30B,28.92%,$1.02B,$0.05B,4.51%,$1.02B,$0.05B,4.51%,$1.02B,$0.08B,7.35%,$1.02B,$0.04B,4.12%,$1.02B,$-0.00B,-0.20%,$-0.00B,$0.54B,-0.31%,$-0.00B,$0.15B,-0.58%,$-0.00B,$1.11B,-0.20%,$0.05B,$0.83B,5.73%,$281,$197,$84,$0,$68,$265,$16,$-6,$11,$6,$5,$5,$2,$23,$16,$29,29,$0.06,$0.07,$241,$0,$21,$549,$122,$6,$393,$12,$564,$1113,$217,$288,$44,$353,$570,$0,$238,$-41,$543,$1113,$9,$29,$22,$51,$-37,$0,$4,$4,$3,$63,$-16,$0,$-78,$57,$-15,$42,$-0,$-53,$60,$55,$115,$-24,$83,$-3,$-157,$37,$50,$27,$0
3,2017-12-31,44.08,$23.37,1.89,$32.46,1.36,$2.64,16.68,$0.18,244.89,$0.56B,$0.13B,4.24,$0.13B,$0.58B,0.23,$0.97B,$0.28B,28.70%,$0.97B,$0.04B,4.15%,$0.97B,$0.04B,4.15%,$0.97B,$0.07B,7.15%,$0.97B,$0.05B,4.87%,$0.97B,$0.01B,0.62%,$0.01B,$0.69B,0.91%,$0.01B,$0.42B,1.54%,$0.01B,$0.99B,0.63%,$0.04B,$0.82B,5.09%,$264,$183,$80,$0,$67,$250,$14,$3,$17,$24,$-8,$-8,$-11,$21,$14,$29,29,$-0.38,$-0.38,$294,$0,$24,$555,$120,$12,$266,$13,$438,$994,$131,$130,$23,$177,$308,$0,$236,$-40,$686,$994,$4,$22,$25,$47,$-7,$0,$-0,$5,$3,$54,$-11,$0,$-1,$31,$-15,$15,$-0,$4,$-81,$25,$-56,$-26,$81,$-2,$-3,$20,$82,$20,$0
4,2017-09-30,37.78,$23.24,1.63,$30.66,1.23,$1.71,22.05,$0.71,53.21,$0.51B,$0.13B,4.04,$0.11B,$0.57B,0.18,$0.92B,$0.26B,28.21%,$0.92B,$0.03B,3.49%,$0.92B,$0.03B,3.49%,$0.92B,$0.06B,6.75%,$0.92B,$0.03B,3.70%,$0.92B,$0.02B,2.29%,$0.02B,$0.68B,3.36%,$0.02B,$0.42B,5.87%,$0.02B,$0.94B,2.28%,$0.03B,$0.79B,4.18%,$248,$178,$70,$0,$59,$238,$10,$-1,$9,$2,$8,$8,$4,$18,$10,$29,30,$0.13,$0.12,$240,$0,$26,$507,$119,$17,$265,$9,$438,$944,$126,$105,$10,$138,$264,$0,$247,$-43,$680,$944,$12,$14,$13,$28,$-4,$0,$1,$-7,$-10,$30,$-8,$0,$-1,$-51,$51,$0,$0,$-9,$-81,$0,$-81,$-27,$80,$-1,$-2,$-5,$18,$11,$0
5,2017-06-30,29.4,$23.09,1.27,$29.31,1.0,$1.14,25.86,$0.70,42.0,$0.49B,$0.12B,4.26,$0.11B,$0.57B,0.19,$0.88B,$0.25B,28.07%,$0.88B,$0.03B,2.95%,$0.88B,$0.03B,2.95%,$0.88B,$0.06B,6.25%,$0.88B,$0.03B,3.41%,$0.88B,$0.02B,2.27%,$0.02B,$0.67B,3.39%,$0.02B,$0.41B,6.15%,$0.02B,$0.93B,2.22%,$0.03B,$0.78B,3.46%,$227,$166,$61,$0,$55,$221,$6,$-1,$5,$1,$5,$5,$3,$13,$6,$30,30,$0.10,$0.10,$217,$0,$33,$488,$119,$20,$269,$9,$440,$929,$115,$105,$10,$140,$255,$0,$244,$-40,$674,$929,$5,$7,$5,$12,$-5,$0,$1,$-3,$-16,$1,$-3,$0,$-1,$20,$-9,$11,$0,$8,$-81,$0,$-81,$-26,$81,$0,$-1,$-1,$9,$5,$0
6,2017-03-31,30.22,$19.56,1.54,$28.77,1.05,$0.61,49.66,$0.39,77.49,$0.48B,$0.13B,3.82,$0.18B,$0.59B,0.3,$0.86B,$0.24B,27.74%,$0.86B,$0.02B,2.10%,$0.86B,$0.02B,2.10%,$0.86B,$0.05B,5.48%,$0.86B,$0.02B,2.21%,$0.86B,$0.01B,1.28%,$0.01B,$0.59B,1.98%,$0.01B,$0.32B,3.77%,$0.01B,$0.92B,1.25%,$0.02B,$0.76B,2.45%,$226,$160,$66,$0,$56,$216,$10,$5,$16,$4,$12,$12,$10,$17,$10,$30,30,$0.35,$0.34,$217,$0,$29,$480,$119,$22,$269,$10,$443,$923,$126,$177,$9,$213,$338,$0,$241,$-40,$585,$923,$16,$28,$9,$37,$-14,$0,$-6,$4,$-25,$28,$-13,$0,$-3,$18,$-28,$-10,$93,$67,$-10,$0,$-10,$10,$10,$0,$-96,$-96,$-4,$22,$0
7,2016-12-31,25.12,$18.77,1.34,$27.02,0.93,$1.55,16.22,$0.46,54.61,$0.46B,$0.12B,3.79,$0.18B,$0.56B,0.32,$0.80B,$0.23B,28.86%,$0.80B,$0.01B,1.74%,$0.80B,$0.01B,1.74%,$0.80B,$0.04B,4.98%,$0.80B,$0.02B,1.99%,$0.80B,$0.01B,1.62%,$0.01B,$0.56B,2.30%,$0.01B,$0.29B,4.29%,$0.01B,$0.89B,1.45%,$0.01B,$0.74B,1.87%,$217,$155,$62,$0,$56,$211,$6,$-2,$4,$-1,$6,$6,$4,$14,$6,$30,30,$0.15,$0.15,$215,$0,$24,$461,$115,$24,$264,$9,$432,$893,$122,$179,$9,$213,$334,$0,$230,$-47,$558,$893,$4,$21,$21,$41,$-4,$0,$7,$1,$-21,$25,$-8,$0,$-3,$-0,$-22,$-22,$93,$59,$-8,$0,$-8,$8,$8,$0,$-94,$-93,$-15,$17,$0
8,2016-09-30,24.68,$18.36,1.34,$24.83,0.99,$2.02,12.2,$0.69,35.77,$0.43B,$0.11B,3.79,$0.18B,$0.55B,0.33,$0.74B,$0.22B,30.35%,$0.74B,$0.02B,2.98%,$0.74B,$0.02B,2.98%,$0.74B,$0.05B,6.10%,$0.74B,$0.03B,3.79%,$0.74B,$0.02B,2.71%,$0.02B,$0.55B,3.71%,$0.02B,$0.29B,6.33%,$0.02B,$0.87B,2.48%,$0.02B,$0.73B,3.25%,$210,$152,$58,$0,$54,$207,$4,$1,$5,$0,$4,$4,$3,$11,$4,$30,30,$0.11,$0.11,$202,$0,$23,$432,$114,$29,$261,$17,$434,$866,$114,$181,$9,$207,$321,$0,$226,$-40,$545,$866,$-1,$14,$14,$28,$8,$0,$-2,$-0,$-16,$11,$-6,$0,$-3,$30,$-17,$13,$93,$96,$-5,$0,$-5,$1,$1,$0,$-93,$-97,$10,$0,$0
9,2016-06-30,28.88,$18.01,1.6,$22.62,1.28,$2.24,12.89,$0.95,30.4,$0.42B,$0.11B,3.93,$0.18B,$0.53B,0.34,$0.67B,$0.22B,32.19%,$0.67B,$0.03B,4.62%,$0.67B,$0.03B,4.62%,$0.67B,$0.05B,7.60%,$0.67B,$0.04B,5.66%,$0.67B,$0.03B,4.17%,$0.03B,$0.53B,5.45%,$0.03B,$0.27B,8.57%,$0.03B,$0.85B,3.88%,$0.03B,$0.72B,5.12%,$205,$154,$52,$0,$54,$207,$-2,$-4,$-6,$-0,$-6,$-6,$-6,$5,$-2,$29,29,$-0.21,$-0.21,$190,$0,$23,$421,$115,$22,$260,$17,$429,$850,$107,$183,$10,$210,$317,$0,$223,$-44,$533,$850,$-6,$7,$10,$16,$7,$0,$-4,$1,$-25,$-14,$-3,$0,$-3,$20,$-5,$15,$92,$101,$-3,$0,$-3,$1,$1,$0,$-92,$-94,$-9,$6,$0
10,2016-03-31,37.46,$21.34,1.76,$20.16,1.86,$2.81,13.33,$1.50,24.97,$0.53B,$0.14B,3.74,$0.19B,$0.63B,0.3,$0.60B,$0.21B,35.11%,$0.60B,$0.05B,7.49%,$0.60B,$0.05B,7.49%,$0.60B,$0.06B,10.32%,$0.60B,$0.06B,9.65%,$0.60B,$0.04B,7.32%,$0.04B,$0.63B,9.02%,$0.04B,$0.36B,12.94%,$0.04B,$0.98B,6.92%,$0.05B,$0.81B,8.42%,$172,$112,$60,$0,$55,$166,$6,$7,$13,$0,$13,$13,$12,$10,$6,$29,29,$0.41,$0.40,$297,$0,$23,$529,$116,$32,$267,$20,$451,$980,$141,$186,$9,$211,$352,$0,$229,$-42,$628,$980,$45,$17,$4,$21,$-17,$0,$-7,$-8,$-10,$56,$-13,$0,$-165,$72,$-20,$51,$-91,$-218,$200,$0,$200,$2,$2,$0,$-15,$188,$24,$16,$0
11,2015-12-31,41.34,$15.45,2.68,$18.54,2.23,$2.53,16.35,$1.48,27.93,$0.35B,$0.08B,4.65,$0.00B,$0.45B,0.0,$0.56B,$0.20B,35.50%,$0.56B,$0.05B,9.55%,$0.56B,$0.05B,9.55%,$0.56B,$0.07B,12.61%,$0.56B,$0.06B,10.99%,$0.56B,$0.04B,7.93%,$0.04B,$0.45B,10.07%,$0.04B,$0.34B,13.03%,$0.04B,$0.53B,8.57%,$0.05B,$0.45B,12.13%,$151,$97,$54,$0,$40,$136,$14,$2,$16,$4,$11,$11,$11,$19,$14,$29,30,$0.39,$0.38,$203,$0,$14,$351,$41,$22,$109,$6,$182,$534,$75,$0,$3,$5,$80,$0,$217,$-46,$453,$534,$33,$12,$7,$20,$-10,$0,$2,$-5,$-11,$41,$-10,$0,$-37,$39,$-13,$26,$-24,$-45,$-0,$0,$-0,$1,$1,$0,$3,$4,$-5,$10,$0
12,2015-09-30,51.31,$15.02,3.42,$17.69,2.9,$2.28,22.52,$1.50,34.21,$0.34B,$0.08B,4.33,$0.00B,$0.44B,0.0,$0.53B,$0.19B,35.86%,$0.53B,$0.05B,10.25%,$0.53B,$0.05B,10.25%,$0.53B,$0.07B,13.09%,$0.53B,$0.06B,11.57%,$0.53B,$0.05B,8.54%,$0.05B,$0.44B,10.58%,$0.05B,$0.33B,13.44%,$0.05B,$0.52B,9.02%,$0.05B,$0.44B,12.69%,$143,$94,$50,$0,$36,$130,$13,$2,$15,$4,$11,$11,$11,$17,$13,$29,30,$0.38,$0.37,$182,$0,$14,$335,$41,$25,$111,$6,$187,$523,$78,$0,$4,$5,$83,$0,$205,$-44,$440,$523,$21,$8,$5,$13,$-14,$0,$1,$-5,$-15,$18,$-7,$0,$-37,$-3,$-10,$-13,$-3,$-61,$-0,$0,$-0,$1,$1,$0,$2,$3,$-43,$7,$0
13,2015-06-30,51.4,$14.77,3.48,$16.92,3.04,$2.34,21.94,$1.47,34.97,$0.33B,$0.07B,4.69,$0.00B,$0.43B,0.0,$0.50B,$0.18B,36.25%,$0.50B,$0.05B,10.56%,$0.50B,$0.05B,10.56%,$0.50B,$0.07B,13.55%,$0.50B,$0.06B,11.75%,$0.50B,$0.04B,8.76%,$0.04B,$0.43B,10.62%,$0.04B,$0.33B,13.24%,$0.04B,$0.51B,9.09%,$0.05B,$0.43B,12.79%,$135,$87,$47,$0,$35,$122,$12,$1,$14,$4,$10,$10,$10,$16,$12,$29,30,$0.35,$0.34,$184,$0,$15,$332,$39,$20,$105,$6,$175,$507,$71,$0,$3,$5,$76,$0,$194,$-39,$431,$507,$10,$4,$2,$6,$-8,$0,$-0,$-6,$-15,$1,$-2,$0,$-31,$13,$-0,$13,$-3,$-23,$-0,$0,$-0,$0,$0,$0,$2,$2,$-21,$4,$0
14,2015-03-31,41.38,$14.61,2.83,$16.24,2.55,$2.13,19.44,$1.44,28.74,$0.35B,$0.06B,5.67,$0.00B,$0.42B,0.0,$0.48B,$0.18B,36.53%,$0.48B,$0.05B,10.86%,$0.48B,$0.05B,10.86%,$0.48B,$0.07B,13.99%,$0.48B,$0.06B,11.90%,$0.48B,$0.04B,8.98%,$0.04B,$0.42B,10.67%,$0.04B,$0.35B,13.15%,$0.04B,$0.49B,9.13%,$0.05B,$0.42B,12.90%,$126,$80,$46,$0,$32,$112,$14,$1,$16,$4,$12,$12,$12,$18,$14,$29,30,$0.40,$0.39,$215,$0,$14,$347,$38,$21,$72,$7,$142,$490,$61,$0,$3,$5,$66,$0,$184,$-34,$424,$490,$42,$15,$2,$17,$-17,$0,$-0,$5,$-10,$49,$-15,$0,$-3,$25,$-20,$5,$3,$-10,$-0,$0,$-0,$3,$3,$0,$3,$5,$42,$11,$0
15,2014-12-31,41.67,$14.07,2.96,$16.09,2.59,$2.51,16.63,$1.40,29.76,$0.32B,$0.06B,5.1,$0.00B,$0.41B,0.0,$0.46B,$0.17B,37.07%,$0.46B,$0.05B,10.99%,$0.46B,$0.05B,10.99%,$0.46B,$0.07B,14.01%,$0.46B,$0.06B,11.85%,$0.46B,$0.04B,8.84%,$0.04B,$0.41B,10.50%,$0.04B,$0.33B,13.14%,$0.04B,$0.48B,8.90%,$0.05B,$0.41B,13.06%,$123,$77,$46,$0,$31,$108,$15,$1,$16,$4,$12,$12,$12,$18,$15,$29,30,$0.41,$0.40,$186,$0,$13,$315,$36,$40,$75,$6,$161,$476,$62,$0,$5,$7,$69,$0,$173,$-36,$407,$476,$31,$11,$2,$14,$-11,$0,$-1,$0,$-13,$32,$-9,$0,$-1,$7,$-18,$-11,$1,$-20,$-0,$0,$-0,$3,$3,$0,$4,$6,$16,$8,$0
16,2014-09-30,35.56,$13.75,2.59,$15.75,2.26,$3.01,11.81,$1.35,26.34,$0.29B,$0.06B,4.76,$0.00B,$0.40B,0.0,$0.44B,$0.16B,36.88%,$0.44B,$0.05B,10.63%,$0.44B,$0.05B,10.63%,$0.44B,$0.06B,13.80%,$0.44B,$0.05B,11.54%,$0.44B,$0.04B,8.60%,$0.04B,$0.40B,10.68%,$0.04B,$0.32B,13.52%,$0.04B,$0.46B,8.84%,$0.05B,$0.40B,13.21%,$118,$75,$43,$0,$30,$105,$12,$1,$13,$3,$10,$10,$10,$16,$12,$29,29,$0.35,$0.34,$164,$0,$12,$288,$35,$54,$77,$6,$176,$464,$61,$0,$5,$8,$68,$0,$161,$-31,$396,$464,$19,$8,$0,$8,$-3,$0,$-1,$-1,$-8,$19,$-6,$0,$0,$8,$-13,$-5,$-0,$-11,$-0,$0,$-0,$2,$2,$0,$2,$4,$11,$5,$0
17,2014-06-30,35.8,$13.47,2.66,$15.33,2.33,$3.28,10.92,$1.29,27.75,$0.27B,$0.06B,4.56,$0.00B,$0.39B,0.0,$0.42B,$0.15B,36.84%,$0.42B,$0.05B,10.77%,$0.42B,$0.05B,10.77%,$0.42B,$0.06B,13.64%,$0.42B,$0.05B,11.48%,$0.42B,$0.04B,8.37%,$0.04B,$0.39B,10.95%,$0.04B,$0.31B,13.92%,$0.04B,$0.45B,8.95%,$0.05B,$0.39B,14.08%,$112,$73,$40,$0,$28,$101,$11,$1,$12,$3,$9,$9,$9,$15,$11,$28,29,$0.32,$0.31,$142,$0,$11,$272,$36,$56,$80,$6,$181,$453,$60,$0,$6,$8,$68,$0,$151,$-27,$385,$453,$9,$4,$-0,$4,$-8,$0,$0,$-1,$-15,$-3,$-4,$0,$0,$4,$-5,$-0,$-0,$-5,$-0,$0,$-0,$0,$0,$0,$1,$1,$-6,$2,$0
18,2014-03-31,33.51,$13.17,2.54,$14.97,2.24,$3.38,9.91,$1.27,26.39,$0.26B,$0.07B,3.9,$0.00B,$0.37B,0.0,$0.40B,$0.15B,37.12%,$0.40B,$0.04B,10.86%,$0.40B,$0.04B,10.86%,$0.40B,$0.05B,13.64%,$0.40B,$0.05B,11.62%,$0.40B,$0.03B,8.59%,$0.03B,$0.37B,11.91%,$0.03B,$0.29B,15.11%,$0.03B,$0.45B,9.62%,$0.04B,$0.37B,15.06%,$111,$68,$43,$0,$30,$99,$13,$1,$14,$4,$10,$10,$10,$16,$13,$26,27,$0.37,$0.35,$141,$0,$12,$260,$35,$62,$82,$5,$189,$449,$67,$0,$6,$9,$75,$0,$142,$-28,$374,$449,$34,$12,$8,$19,$-3,$0,$-0,$-7,$-5,$49,$-7,$0,$-21,$-13,$-69,$-82,$-2,$-113,$-0,$0,$-0,$89,$89,$0,$3,$92,$26,$8,$0
19,2013-12-31,38.09,$10.41,3.66,$14.36,2.65,$2.24,16.97,$1.27,29.99,$0.24B,$0.08B,3.21,$0.00B,$0.27B,0.0,$0.38B,$0.14B,36.27%,$0.38B,$0.04B,10.40%,$0.38B,$0.04B,10.40%,$0.38B,$0.05B,13.33%,$0.38B,$0.04B,11.20%,$0.38B,$0.03B,8.80%,$0.03B,$0.27B,12.94%,$0.03B,$0.21B,16.32%,$0.03B,$0.35B,10.41%,$0.04B,$0.27B,15.29%,$101,$64,$37,$0,$26,$90,$11,$1,$12,$3,$9,$9,$9,$14,$11,$26,27,$0.36,$0.35,$135,$0,$8,$241,$34,$8,$60,$4,$112,$353,$75,$0,$10,$10,$85,$0,$132,$-35,$268,$353,$24,$8,$4,$12,$6,$0,$-1,$-4,$4,$40,$-6,$0,$-6,$-7,$-6,$-14,$-0,$-26,$-0,$20,$20,$2,$2,$0,$3,$25,$36,$6,$0
20,2013-09-30,29.06,$9.81,2.96,$13.93,2.09,$1.57,18.53,$1.21,24.02,$0.21B,$0.05B,4.15,$0.00B,$0.25B,0.0,$0.36B,$0.13B,36.11%,$0.36B,$0.04B,10.28%,$0.36B,$0.04B,10.28%,$0.36B,$0.05B,13.06%,$0.36B,$0.04B,11.11%,$0.36B,$0.03B,8.61%,$0.03B,$0.25B,12.54%,$0.03B,$0.20B,15.78%,$0.03B,$0.31B,10.26%,$0.04B,$0.25B,14.96%,$94,$61,$34,$0,$24,$85,$10,$0,$10,$2,$7,$7,$7,$12,$10,$26,26,$0.29,$0.28,$102,$0,$6,$210,$33,$8,$50,$3,$101,$310,$51,$0,$8,$8,$59,$0,$122,$-39,$251,$310,$15,$5,$3,$8,$3,$0,$-2,$-2,$-1,$22,$-3,$0,$0,$-6,$-4,$-10,$0,$-14,$-0,$0,$-0,$2,$2,$0,$2,$3,$8,$4,$0
21,2013-06-30,22.16,$9.76,2.27,$13.50,1.64,$0.77,28.94,$1.16,19.1,$0.20B,$0.05B,4.3,$0.00B,$0.25B,0.0,$0.35B,$0.12B,35.73%,$0.35B,$0.03B,9.80%,$0.35B,$0.03B,9.80%,$0.35B,$0.05B,12.97%,$0.35B,$0.04B,10.95%,$0.35B,$0.03B,8.65%,$0.03B,$0.25B,12.38%,$0.03B,$0.20B,15.71%,$0.03B,$0.30B,10.20%,$0.03B,$0.25B,14.04%,$90,$58,$33,$0,$24,$82,$9,$1,$10,$3,$8,$8,$8,$12,$9,$25,26,$0.30,$0.29,$82,$0,$7,$195,$34,$8,$51,$3,$105,$301,$45,$0,$6,$6,$52,$0,$115,$-32,$249,$301,$8,$3,$0,$3,$-7,$0,$-3,$1,$-12,$-2,$-2,$0,$0,$0,$-3,$-3,$-0,$-5,$-0,$0,$-0,$1,$1,$0,$2,$3,$-6,$2,$0
22,2013-03-31,23.76,$10.02,2.37,$13.03,1.82,$0.87,27.22,$1.11,21.41,$0.20B,$0.05B,3.96,$0.00B,$0.25B,0.0,$0.33B,$0.12B,35.44%,$0.33B,$0.03B,9.61%,$0.33B,$0.03B,9.61%,$0.33B,$0.04B,12.61%,$0.33B,$0.04B,10.81%,$0.33B,$0.03B,8.41%,$0.03B,$0.25B,12.00%,$0.03B,$0.20B,15.45%,$0.03B,$0.30B,9.82%,$0.03B,$0.25B,13.72%,$90,$58,$32,$0,$23,$81,$9,$1,$10,$1,$9,$9,$9,$12,$9,$25,26,$0.36,$0.35,$87,$0,$8,$195,$37,$8,$51,$4,$109,$304,$49,$0,$2,$2,$52,$0,$107,$-19,$252,$304,$28,$9,$3,$12,$-19,$0,$2,$-3,$-18,$23,$-12,$0,$-3,$-1,$-10,$-11,$3,$-24,$-1,$0,$-1,$1,$1,$0,$1,$0,$-1,$6,$0
23,2012-12-31,16.43,$9.49,1.73,$12.45,1.32,$0.77,21.44,$0.99,16.6,$0.18B,$0.05B,3.36,$0.00B,$0.24B,0.0,$0.32B,$0.11B,35.33%,$0.32B,$0.03B,9.46%,$0.32B,$0.03B,9.46%,$0.32B,$0.04B,12.30%,$0.32B,$0.03B,10.73%,$0.32B,$0.03B,7.89%,$0.03B,$0.24B,11.12%,$0.03B,$0.19B,14.53%,$0.03B,$0.29B,9.00%,$0.03B,$0.24B,13.35%,$86,$56,$31,$0,$22,$77,$9,$1,$10,$2,$7,$7,$7,$11,$9,$25,26,$0.30,$0.29,$89,$0,$7,$181,$35,$8,$52,$10,$113,$294,$54,$0,$3,$3,$57,$0,$98,$-21,$237,$294,$19,$7,$5,$11,$-9,$0,$1,$-2,$-7,$24,$-8,$0,$-3,$-1,$-7,$-8,$2,$-17,$-1,$0,$-1,$-1,$-1,$0,$0,$-2,$5,$4,$0
24,2012-09-30,17.77,$9.27,1.92,$11.92,1.49,$0.16,113.84,$0.92,19.32,$0.17B,$0.04B,3.78,$0.00B,$0.23B,0.0,$0.30B,$0.11B,35.31%,$0.30B,$0.03B,9.24%,$0.30B,$0.03B,9.24%,$0.30B,$0.04B,12.21%,$0.30B,$0.03B,10.23%,$0.30B,$0.02B,7.92%,$0.02B,$0.23B,11.06%,$0.02B,$0.18B,14.66%,$0.02B,$0.28B,8.91%,$0.03B,$0.23B,12.90%,$81,$53,$28,$0,$20,$73,$7,$0,$8,$2,$6,$6,$6,$10,$7,$25,26,$0.23,$0.23,$73,$0,$7,$165,$35,$7,$52,$10,$112,$277,$44,$0,$2,$2,$45,$0,$91,$-18,$231,$277,$12,$4,$3,$7,$-9,$0,$-3,$-1,$-16,$3,$-5,$0,$-3,$-2,$-5,$-6,$2,$-12,$-1,$0,$-1,$-1,$-1,$0,$0,$-2,$-12,$3,$0
25,2012-06-30,13.35,$8.58,1.56,$11.53,1.16,$0.00,0.0,$0.87,15.34,$0.16B,$0.05B,3.35,$0.00B,$0.21B,0.0,$0.29B,$0.10B,35.62%,$0.29B,$0.03B,8.90%,$0.29B,$0.03B,8.90%,$0.29B,$0.04B,11.99%,$0.29B,$0.03B,9.93%,$0.29B,$0.02B,7.88%,$0.02B,$0.21B,10.87%,$0.02B,$0.16B,14.60%,$0.02B,$0.27B,8.74%,$0.03B,$0.21B,12.29%,$76,$50,$27,$0,$20,$69,$7,$1,$8,$2,$6,$6,$6,$9,$7,$25,25,$0.25,$0.24,$77,$0,$6,$159,$32,$5,$53,$7,$106,$265,$47,$0,$4,$4,$51,$0,$85,$-29,$213,$265,$6,$2,$1,$3,$0,$0,$-3,$0,$-7,$2,$-3,$0,$0,$-1,$-3,$-4,$-0,$-8,$-1,$0,$-1,$-1,$-1,$0,$0,$-2,$-10,$1,$0
26,2012-03-31,17.27,$8.80,1.96,$10.95,1.58,$-0.20,0.0,$0.79,21.86,$0.17B,$0.05B,3.23,$0.00B,$0.22B,0.0,$0.28B,$0.10B,36.10%,$0.28B,$0.02B,8.66%,$0.28B,$0.02B,8.66%,$0.28B,$0.03B,11.91%,$0.28B,$0.03B,9.39%,$0.28B,$0.02B,7.58%,$0.02B,$0.22B,9.92%,$0.02B,$0.16B,12.82%,$0.02B,$0.28B,8.12%,$0.02B,$0.22B,11.33%,$74,$48,$26,$0,$19,$67,$7,$1,$8,$2,$6,$6,$6,$9,$7,$25,25,$0.23,$0.23,$84,$0,$6,$172,$33,$4,$54,$3,$102,$275,$53,$0,$3,$3,$57,$0,$79,$-18,$218,$275,$20,$8,$-2,$6,$-18,$0,$2,$-7,$-5,$21,$-13,$0,$-25,$27,$5,$32,$-3,$-9,$-1,$0,$-1,$2,$2,$0,$-0,$1,$8,$5,$0
27,2011-12-31,14.48,$8.33,1.74,$10.39,1.39,$-0.08,0.0,$0.77,18.81,$0.15B,$0.05B,3.16,$0.00B,$0.21B,0.0,$0.26B,$0.10B,36.78%,$0.26B,$0.02B,8.81%,$0.26B,$0.02B,8.81%,$0.26B,$0.03B,12.26%,$0.26B,$0.02B,9.20%,$0.26B,$0.02B,7.66%,$0.02B,$0.21B,9.57%,$0.02B,$0.15B,11.94%,$0.02B,$0.26B,7.95%,$0.02B,$0.21B,11.00%,$72,$46,$26,$0,$19,$66,$7,$1,$7,$2,$6,$6,$6,$9,$7,$25,25,$0.23,$0.22,$77,$0,$5,$154,$30,$5,$54,$8,$107,$261,$49,$0,$6,$6,$55,$0,$73,$-22,$206,$261,$14,$6,$4,$10,$-15,$0,$-3,$-5,$-15,$10,$-10,$0,$-25,$24,$5,$30,$-3,$-8,$-1,$0,$-1,$2,$2,$0,$-2,$-1,$-1,$4,$0
28,2011-09-30,13.2,$8.48,1.56,$9.79,1.35,$0.17,76.88,$0.72,18.33,$0.15B,$0.04B,3.78,$0.00B,$0.21B,0.0,$0.25B,$0.09B,37.14%,$0.25B,$0.02B,8.57%,$0.25B,$0.02B,8.57%,$0.25B,$0.03B,12.24%,$0.25B,$0.02B,8.98%,$0.25B,$0.02B,7.35%,$0.02B,$0.21B,8.71%,$0.02B,$0.15B,10.50%,$0.02B,$0.25B,7.38%,$0.02B,$0.21B,10.16%,$70,$45,$25,$0,$19,$65,$5,$0,$6,$1,$5,$5,$5,$8,$5,$25,25,$0.19,$0.18,$74,$0,$5,$147,$32,$3,$55,$7,$105,$252,$39,$0,$4,$4,$43,$0,$67,$-12,$209,$252,$9,$4,$3,$7,$-12,$0,$-2,$-3,$-14,$1,$-8,$0,$-25,$26,$9,$35,$-3,$-1,$-1,$0,$-1,$1,$1,$0,$-2,$-1,$-2,$3,$0
29,2011-06-30,18.95,$8.67,2.19,$9.16,2.07,$0.38,49.87,$0.69,27.46,$0.17B,$0.03B,5.36,$0.00B,$0.21B,0.0,$0.23B,$0.09B,37.72%,$0.23B,$0.02B,8.77%,$0.23B,$0.02B,8.77%,$0.23B,$0.03B,12.28%,$0.23B,$0.02B,8.77%,$0.23B,$0.02B,7.46%,$0.02B,$0.21B,8.41%,$0.02B,$0.19B,9.81%,$0.02B,$0.25B,7.17%,$0.02B,$0.21B,9.89%,$61,$38,$23,$0,$18,$56,$5,$0,$5,$1,$4,$4,$4,$7,$5,$24,25,$0.16,$0.16,$98,$0,$7,$165,$31,$8,$28,$7,$82,$247,$31,$0,$2,$2,$33,$0,$63,$-1,$214,$247,$4,$2,$1,$3,$-4,$0,$-2,$-2,$-10,$-2,$-3,$0,$0,$21,$6,$26,$0,$23,$-1,$0,$-1,$1,$1,$0,$-2,$-1,$20,$1,$0
30,2011-03-31,18.73,$8.52,2.2,$8.86,2.12,$0.38,49.32,$0.66,28.38,$0.16B,$0.04B,4.45,$0.00B,$0.21B,0.0,$0.22B,$0.08B,38.07%,$0.22B,$0.02B,8.26%,$0.22B,$0.02B,8.26%,$0.22B,$0.03B,11.93%,$0.22B,$0.02B,8.26%,$0.22B,$0.02B,7.34%,$0.02B,$0.21B,8.23%,$0.02B,$0.18B,9.70%,$0.02B,$0.25B,6.96%,$0.02B,$0.21B,9.25%,$58,$36,$22,$0,$17,$53,$6,$0,$6,$1,$5,$5,$5,$8,$6,$24,25,$0.21,$0.21,$96,$0,$6,$159,$29,$16,$29,$6,$87,$246,$36,$0,$3,$3,$39,$0,$59,$-2,$207,$246,$16,$8,$4,$13,$-13,$0,$0,$-5,$-9,$20,$-10,$0,$-3,$10,$-19,$-9,$4,$-18,$-1,$0,$-1,$5,$5,$0,$1,$4,$6,$4,$0
31,2010-12-31,16.36,$8.21,1.99,$8.49,1.93,$0.58,28.41,$0.60,27.27,$0.15B,$0.03B,4.85,$0.00B,$0.20B,0.0,$0.21B,$0.08B,38.46%,$0.21B,$0.02B,7.21%,$0.21B,$0.02B,7.21%,$0.21B,$0.02B,11.06%,$0.21B,$0.02B,7.21%,$0.21B,$0.02B,7.21%,$0.02B,$0.20B,7.97%,$0.02B,$0.17B,9.51%,$0.02B,$0.23B,6.75%,$0.02B,$0.20B,7.97%,$56,$34,$21,$0,$16,$51,$5,$-0,$5,$1,$4,$4,$4,$7,$5,$24,25,$0.18,$0.17,$90,$0,$6,$148,$28,$14,$29,$5,$83,$231,$31,$0,$3,$3,$34,$0,$54,$-3,$197,$231,$11,$6,$4,$11,$-9,$0,$-1,$-3,$-8,$13,$-7,$0,$-3,$6,$-13,$-8,$3,$-15,$-1,$0,$-1,$2,$2,$0,$0,$1,$-0,$3,$0
32,2010-09-30,9.69,$8.07,1.2,$8.02,1.21,$1.04,9.36,$0.55,17.62,$0.14B,$0.03B,4.43,$0.00B,$0.19B,0.0,$0.19B,$0.08B,39.69%,$0.19B,$0.01B,6.70%,$0.19B,$0.01B,6.70%,$0.19B,$0.02B,10.82%,$0.19B,$0.01B,7.22%,$0.19B,$0.01B,7.22%,$0.01B,$0.19B,7.66%,$0.01B,$0.16B,8.83%,$0.01B,$0.23B,6.51%,$0.01B,$0.19B,7.11%,$53,$32,$20,$0,$16,$49,$4,$-0,$4,$0,$4,$4,$4,$6,$4,$24,25,$0.16,$0.15,$82,$0,$7,$139,$28,$17,$30,$5,$86,$225,$31,$0,$3,$3,$34,$0,$49,$-2,$191,$225,$7,$4,$3,$7,$-8,$0,$-0,$-2,$-9,$5,$-6,$0,$0,$8,$-8,$-1,$-0,$-7,$-1,$0,$-1,$1,$1,$0,$0,$-0,$-2,$2,$0
33,2010-06-30,9.33,$7.76,1.2,$7.43,1.26,$1.52,6.13,$0.52,17.94,$0.13B,$0.03B,4.13,$0.00B,$0.18B,0.0,$0.18B,$0.07B,41.01%,$0.18B,$0.01B,6.74%,$0.18B,$0.01B,6.74%,$0.18B,$0.02B,10.67%,$0.18B,$0.01B,7.30%,$0.18B,$0.01B,7.30%,$0.01B,$0.18B,7.33%,$0.01B,$0.15B,8.10%,$0.01B,$0.22B,6.27%,$0.01B,$0.18B,6.77%,$51,$32,$20,$0,$16,$48,$3,$0,$3,$0,$3,$3,$3,$5,$3,$24,24,$0.13,$0.13,$72,$0,$6,$128,$26,$22,$31,$4,$89,$217,$31,$0,$3,$3,$34,$0,$46,$-5,$183,$217,$3,$2,$1,$3,$-8,$0,$0,$-3,$-9,$-2,$-3,$0,$0,$2,$-4,$-2,$-0,$-6,$-1,$0,$-1,$0,$0,$0,$0,$-0,$-8,$1,$0
34,2010-03-31,10.31,$7.76,1.33,$6.90,1.49,$1.89,5.44,$0.50,20.62,$0.12B,$0.03B,3.99,$0.00B,$0.18B,0.0,$0.16B,$0.07B,42.07%,$0.16B,$0.01B,7.32%,$0.16B,$0.01B,7.32%,$0.16B,$0.02B,10.98%,$0.16B,$0.01B,7.93%,$0.16B,$0.01B,7.93%,$0.01B,$0.18B,7.55%,$0.01B,$0.15B,7.96%,$0.01B,$0.22B,6.48%,$0.01B,$0.18B,6.97%,$48,$28,$19,$0,$16,$45,$3,$-0,$3,$-0,$4,$4,$4,$5,$3,$23,24,$0.15,$0.15,$75,$0,$7,$123,$25,$24,$32,$6,$93,$216,$31,$0,$3,$3,$34,$0,$43,$-2,$182,$216,$12,$5,$4,$9,$-2,$0,$-0,$1,$-2,$19,$-4,$0,$-28,$25,$-25,$-0,$-1,$-33,$-0,$0,$-0,$2,$2,$0,$-0,$2,$-12,$3,$0
35,2009-12-31,9.06,$7.49,1.21,$6.63,1.37,$1.93,4.7,$0.50,18.12,$0.13B,$0.03B,5.19,$0.00B,$0.18B,0.0,$0.16B,$0.07B,43.31%,$0.16B,$0.01B,8.28%,$0.16B,$0.01B,8.28%,$0.16B,$0.02B,11.46%,$0.16B,$0.01B,8.92%,$0.16B,$0.01B,8.28%,$0.01B,$0.18B,7.88%,$0.01B,$0.17B,7.93%,$0.01B,$0.20B,6.73%,$0.01B,$0.18B,7.88%,$42,$24,$18,$0,$15,$38,$3,$0,$4,$1,$3,$3,$3,$5,$3,$23,23,$0.13,$0.12,$88,$0,$7,$132,$20,$35,$4,$6,$70,$202,$25,$0,$2,$2,$27,$0,$39,$-4,$175,$202,$9,$4,$3,$7,$3,$0,$-2,$3,$3,$18,$-2,$0,$-6,$17,$-28,$-11,$2,$-18,$-0,$0,$-0,$2,$2,$0,$0,$2,$4,$3,$0
36,2009-09-30,9.49,$7.24,1.31,$6.75,1.41,$1.46,6.49,$0.65,14.6,$0.14B,$0.02B,5.83,$0.00B,$0.17B,0.0,$0.16B,$0.07B,43.75%,$0.16B,$0.02B,9.38%,$0.16B,$0.02B,9.38%,$0.16B,$0.02B,12.50%,$0.16B,$0.02B,10.63%,$0.16B,$0.02B,10.00%,$0.02B,$0.17B,10.11%,$0.02B,$0.17B,10.11%,$0.02B,$0.19B,8.51%,$0.02B,$0.17B,9.48%,$37,$21,$16,$0,$13,$34,$3,$0,$3,$0,$3,$3,$3,$4,$3,$23,24,$0.13,$0.12,$96,$0,$5,$135,$20,$28,$0,$6,$58,$194,$23,$0,$2,$2,$25,$0,$36,$-7,$169,$194,$6,$2,$2,$5,$5,$0,$-3,$1,$2,$12,$-2,$0,$0,$14,$-15,$-2,$3,$-1,$-0,$0,$-0,$2,$2,$0,$0,$2,$14,$2,$0
37,2009-06-30,8.03,$7.05,1.14,$7.00,1.15,$0.90,8.95,$0.58,13.84,$0.13B,$0.03B,5.21,$0.00B,$0.16B,0.0,$0.17B,$0.07B,41.92%,$0.17B,$0.01B,7.78%,$0.17B,$0.01B,7.78%,$0.17B,$0.02B,10.78%,$0.17B,$0.01B,8.38%,$0.17B,$0.01B,8.38%,$0.01B,$0.16B,9.18%,$0.01B,$0.16B,9.18%,$0.01B,$0.19B,7.59%,$0.01B,$0.16B,8.52%,$37,$21,$16,$0,$13,$34,$3,$-0,$3,$0,$3,$3,$3,$4,$3,$23,24,$0.11,$0.11,$85,$0,$5,$129,$20,$31,$0,$6,$61,$190,$25,$0,$2,$2,$27,$0,$33,$-8,$163,$190,$3,$1,$1,$3,$4,$0,$-3,$0,$-1,$4,$-1,$0,$0,$7,$-9,$-1,$3,$1,$-0,$0,$-0,$1,$1,$0,$0,$1,$8,$1,$0
38,2009-03-31,6.2,$6.73,0.92,$7.15,0.87,$0.57,10.8,$0.50,12.4,$0.13B,$0.03B,4.03,$0.00B,$0.15B,0.0,$0.17B,$0.07B,39.31%,$0.17B,$0.01B,5.78%,$0.17B,$0.01B,5.78%,$0.17B,$0.02B,8.67%,$0.17B,$0.01B,6.94%,$0.17B,$0.01B,6.94%,$0.01B,$0.15B,8.01%,$0.01B,$0.15B,8.01%,$0.01B,$0.19B,6.60%,$0.01B,$0.15B,6.68%,$41,$23,$18,$0,$14,$38,$4,$0,$4,$1,$4,$4,$4,$5,$4,$23,24,$0.15,$0.15,$79,$0,$6,$126,$20,$28,$0,$8,$61,$187,$31,$0,$3,$3,$34,$0,$30,$-14,$153,$187,$12,$4,$2,$7,$-0,$0,$8,$-2,$7,$26,$-10,$0,$0,$37,$-31,$6,$1,$-3,$-0,$0,$-0,$-6,$-6,$0,$0,$-5,$15,$4,$0
39,2008-12-31,5.64,$6.61,0.85,$7.37,0.77,$-0.02,0.0,$0.56,10.07,$0.12B,$0.03B,3.99,$0.00B,$0.15B,0.0,$0.18B,$0.07B,39.55%,$0.18B,$0.01B,6.78%,$0.18B,$0.01B,6.78%,$0.18B,$0.02B,9.60%,$0.18B,$0.02B,8.47%,$0.18B,$0.02B,8.47%,$0.02B,$0.15B,9.97%,$0.02B,$0.15B,9.97%,$0.02B,$0.18B,8.32%,$0.01B,$0.15B,7.97%,$45,$25,$20,$0,$14,$40,$5,$2,$7,$1,$6,$6,$6,$7,$5,$23,24,$0.28,$0.27,$67,$0,$7,$117,$20,$29,$0,$10,$64,$181,$29,$0,$4,$4,$33,$0,$27,$-13,$148,$181,$8,$3,$2,$5,$-2,$0,$5,$-3,$1,$15,$-9,$0,$0,$24,$-24,$0,$0,$-8,$0,$0,$0,$-6,$-6,$0,$0,$-6,$-1,$3,$0
40,2008-09-30,6.51,$6.35,1.02,$7.17,0.91,$0.05,129.17,$0.50,13.02,$0.12B,$0.03B,4.21,$0.00B,$0.15B,0.0,$0.17B,$0.07B,39.66%,$0.17B,$0.01B,7.47%,$0.17B,$0.01B,7.47%,$0.17B,$0.02B,9.77%,$0.17B,$0.02B,8.62%,$0.17B,$0.01B,8.05%,$0.01B,$0.15B,9.26%,$0.01B,$0.15B,9.26%,$0.01B,$0.18B,7.88%,$0.01B,$0.15B,8.60%,$44,$28,$16,$0,$15,$43,$1,$-0,$0,$-1,$1,$1,$1,$2,$1,$23,24,$0.06,$0.05,$71,$0,$6,$124,$20,$21,$0,$9,$56,$180,$29,$0,$4,$4,$34,$0,$21,$-11,$146,$180,$2,$2,$2,$4,$-2,$0,$1,$-2,$-2,$5,$-8,$0,$0,$16,$-13,$4,$1,$-3,$0,$0,$0,$-3,$-3,$0,$0,$-3,$-2,$2,$0
41,2008-06-30,10.13,$6.47,1.57,$7.09,1.43,$0.18,54.91,$0.65,15.58,$0.12B,$0.02B,5.45,$0.00B,$0.15B,0.0,$0.17B,$0.07B,41.18%,$0.17B,$0.02B,10.00%,$0.17B,$0.02B,10.00%,$0.17B,$0.02B,12.35%,$0.17B,$0.02B,12.35%,$0.17B,$0.02B,10.59%,$0.02B,$0.15B,11.94%,$0.02B,$0.15B,11.94%,$0.02B,$0.18B,10.36%,$0.02B,$0.15B,11.28%,$43,$28,$14,$0,$14,$43,$0,$1,$1,$-0,$1,$1,$1,$1,$0,$23,25,$0.04,$0.03,$73,$0,$5,$123,$19,$22,$0,$10,$56,$179,$22,$0,$4,$4,$27,$0,$19,$-6,$152,$179,$1,$1,$1,$2,$2,$0,$-0,$-1,$-3,$-1,$-4,$0,$0,$8,$-7,$1,$0,$-2,$0,$0,$0,$0,$0,$0,$0,$0,$-3,$1,$0
