,Date,Stock Price,Book Value per Share,Price to Book Ratio,TTM Sales per Share,Price to Sales Ratio,TTM FCF per Share,Price to FCF Ratio,TTM Net EPS,PE Ratio,Current Assets,Current Liabilities,Current Ratio,Long Term Debt,Shareholder's Equity_x,Debt to Equity Ratio,TTM Revenue_x,TTM Gross Profit,Gross Margin,TTM Revenue_y,TTM Operating Income,Operating Margin,TTM Revenue_x,TTM EBIT,EBIT Margin,TTM Revenue_y,TTM EBITDA,EBITDA Margin,TTM Revenue_x,TTM Pre-Tax Income,Pre-Tax Margin,TTM Revenue_y,TTM Net Income_x,Net Margin,TTM Net Income_y,Shareholder's Equity_y,Return on Equity,TTM Net Income_x,Tangible Equity,Return on Tangible Equity,TTM Net Income_y,Total Assets,Return on Assets,TTM Net Income,LT Investments & Debt,Return on Investment,revenue,cost-goods-sold,gross-profit,research-development-expenses,selling-general-administrative-expenses,operating-expenses,operating-income,total-non-operating-income-expense,pre-tax-income,total-provision-income-taxes,income-after-taxes,income-from-continuous-operations,net-income,ebitda,ebit,basic-shares-outstanding,shares-outstanding,eps-basic-net-earnings-per-share,eps-earnings-per-share-diluted,cash-on-hand,inventory,other-current-assets,total-current-assets,net-property-plant-equipment,long-term-investments,goodwill-intangible-assets-total,other-long-term-assets,total-long-term-assets,total-assets,total-current-liabilities,long-term-debt,other-non-current-liabilities,total-long-term-liabilities,total-liabilities,common-stock-net,retained-earnings-accumulated-deficit,comprehensive-income,total-share-holder-equity,total-liabilities-share-holders-equity,net-income-loss,total-depreciation-amortization-cash-flow,other-non-cash-items,total-non-cash-items,change-in-accounts-receivable,change-in-inventories,change-in-accounts-payable,change-in-assets-liabilities,total-change-in-assets-liabilities,cash-flow-from-operating-activities,net-change-in-property-plant-equipment,net-change-in-intangible-assets,net-acquisitions-divestitures,net-change-in-short-term-investments,net-change-in-long-term-investments,net-change-in-investments-total,investing-activities-other,cash-flow-from-investing-activities,net-long-term-debt,net-current-debt,debt-issuance-retirement-net-total,net-common-equity-issued-repurchased,net-total-equity-issued-repurchased,total-common-preferred-stock-dividends-paid,financial-activities-other,cash-flow-from-financial-activities,net-cash-flow,stock-based-compensation,common-stock-dividends-paid
0,2018-09-30,192.74,$11.48,16.79,$10.98,17.55,$9.17,21.01,$2.50,77.1,$3.69B,$0.99B,3.71,$0.02B,$2.93B,0.01,$2.83B,$2.46B,86.86%,$2.83B,$0.63B,22.40%,$2.83B,$0.63B,22.40%,$2.83B,$0.70B,24.84%,$2.83B,$0.68B,24.06%,$2.83B,$0.65B,22.86%,$0.65B,$2.93B,25.57%,$0.65B,$2.86B,26.40%,$0.65B,$4.62B,15.73%,$0.63B,$2.95B,24.88%,$785,$111,$673,$331,$137,$579,$206,$-69,$137,$8,$128,$128,$129,$225,$206,$255,260,$0.51,$0.50,$3064,$124,$0,$3687,$808,$0,$79,$46,$934,$4621,$993,$15,$669,$694,$1686,$3,$-4540,$0,$2934,$4621,$562,$54,$185,$239,$-75,$-24,$23,$32,$155,$956,$-80,$0,$0,$0,$-81,$-81,$0,$-161,$-11,$0,$-11,$39,$39,$0,$2,$30,$820,$246,$0
1,2018-06-30,169.96,$10.65,15.96,$10.27,16.55,$8.04,21.13,$1.59,106.89,$3.41B,$0.93B,3.68,$0.02B,$2.72B,0.01,$2.62B,$2.29B,87.30%,$2.62B,$0.10B,3.89%,$2.62B,$0.10B,3.89%,$2.62B,$0.17B,6.37%,$2.62B,$0.13B,4.84%,$2.62B,$0.42B,15.82%,$0.42B,$2.72B,18.46%,$0.42B,$2.64B,19.14%,$0.42B,$4.34B,11.04%,$0.10B,$2.73B,4.50%,$752,$104,$648,$338,$137,$579,$173,$44,$217,$10,$206,$206,$207,$191,$173,$254,259,$0.82,$0.80,$2776,$115,$0,$3407,$816,$0,$79,$33,$928,$4335,$927,$15,$669,$693,$1621,$3,$-4669,$-5,$2715,$4335,$434,$34,$32,$66,$-88,$-9,$12,$33,$75,$574,$-59,$0,$0,$0,$-52,$-52,$0,$-111,$-4,$0,$-4,$30,$30,$0,$2,$28,$487,$161,$0
2,2018-03-31,162.98,$9.54,17.09,$9.52,17.11,$7.71,21.13,$0.86,189.51,$3.04B,$0.83B,3.68,$0.02B,$2.43B,0.01,$2.42B,$2.12B,87.58%,$2.42B,$-0.02B,-0.75%,$2.42B,$-0.02B,-0.75%,$2.42B,$0.04B,1.82%,$2.42B,$-0.05B,-2.24%,$2.42B,$0.23B,9.36%,$0.23B,$2.43B,11.10%,$0.23B,$2.35B,11.94%,$0.23B,$3.95B,6.46%,$-0.02B,$2.45B,-0.88%,$641,$72,$569,$311,$130,$512,$129,$86,$215,$-13,$227,$227,$210,$145,$129,$253,259,$0.83,$0.81,$2487,$117,$0,$3041,$801,$0,$79,$32,$912,$3953,$827,$17,$668,$695,$1522,$3,$-4876,$-40,$2431,$3953,$227,$16,$-4,$12,$-13,$-8,$2,$25,$13,$253,$-29,$0,$0,$0,$34,$34,$0,$5,$0,$0,$0,$78,$78,$0,$0,$79,$338,$78,$0
3,2017-12-31,149.86,$8.06,18.58,$9.92,15.11,$7.87,19.03,$1.04,144.1,$2.65B,$0.81B,3.28,$0.02B,$2.04B,0.01,$2.49B,$2.21B,88.95%,$2.49B,$0.12B,4.98%,$2.49B,$0.12B,4.98%,$2.49B,$0.19B,7.43%,$2.49B,$-0.02B,-0.60%,$2.49B,$0.26B,10.61%,$0.26B,$2.04B,14.28%,$0.26B,$1.96B,16.08%,$0.26B,$3.55B,8.14%,$0.12B,$2.06B,6.62%,$652,$84,$568,$307,$135,$526,$126,$-13,$112,$10,$102,$102,$101,$142,$126,$249,253,$0.39,$0.39,$2090,$112,$0,$2649,$789,$0,$79,$28,$897,$3546,$807,$20,$670,$696,$1504,$3,$-5120,$-12,$2042,$3546,$92,$61,$677,$738,$-72,$-45,$9,$-117,$15,$845,$-99,$0,$0,$0,$-163,$-163,$-175,$-438,$16,$-300,$-284,$345,$345,$0,$8,$68,$481,$291,$0
4,2017-09-30,152.04,$7.14,21.3,$9.22,16.49,$5.66,26.84,$0.78,194.92,$2.33B,$0.71B,3.28,$0.02B,$1.80B,0.01,$2.30B,$2.04B,89.02%,$2.30B,$0.04B,1.66%,$2.30B,$0.04B,1.66%,$2.30B,$0.10B,4.27%,$2.30B,$-0.11B,-4.66%,$2.30B,$0.20B,8.54%,$0.20B,$1.80B,11.72%,$0.20B,$1.72B,13.98%,$0.20B,$3.20B,6.36%,$0.04B,$1.82B,2.23%,$578,$73,$505,$455,$121,$904,$-326,$-91,$-417,$-126,$-291,$-291,$-103,$-311,$-326,$250,250,$-0.41,$-0.41,$1814,$98,$0,$2328,$760,$0,$79,$31,$870,$3198,$711,$20,$650,$684,$1395,$3,$-5220,$-25,$1803,$3198,$-11,$45,$603,$648,$-60,$-30,$7,$-84,$-20,$617,$-56,$0,$0,$0,$-185,$-185,$-222,$-463,$-13,$-300,$-313,$298,$298,$0,$10,$-5,$155,$217,$0
5,2017-06-30,128.87,$7.45,17.31,$8.60,14.98,$3.62,35.55,$1.02,126.34,$2.18B,$0.63B,3.49,$0.03B,$1.87B,0.01,$2.13B,$1.90B,89.07%,$2.13B,$0.35B,16.18%,$2.13B,$0.35B,16.18%,$2.13B,$0.41B,19.00%,$2.13B,$0.27B,12.71%,$2.13B,$0.26B,12.20%,$0.26B,$1.87B,17.06%,$0.26B,$1.53B,21.86%,$0.26B,$3.29B,8.86%,$0.35B,$1.89B,22.19%,$544,$71,$473,$289,$127,$491,$53,$-17,$36,$4,$31,$31,$18,$68,$53,$248,252,$0.07,$0.07,$1733,$92,$0,$2181,$740,$0,$335,$30,$1105,$3286,$625,$25,$627,$793,$1418,$2,$-5117,$-22,$1867,$3286,$281,$30,$154,$183,$-50,$-23,$14,$-40,$-17,$447,$-28,$0,$0,$0,$-209,$-209,$0,$-237,$-11,$-300,$-311,$148,$148,$0,$5,$-158,$56,$143,$0
6,2017-03-31,109.35,$6.76,16.17,$8.20,13.33,$1.95,56.05,$0.69,158.48,$1.87B,$0.49B,3.82,$0.03B,$1.68B,0.02,$2.02B,$1.81B,89.70%,$2.02B,$0.30B,14.60%,$2.02B,$0.30B,14.60%,$2.02B,$0.36B,17.57%,$2.02B,$0.22B,10.74%,$2.02B,$0.18B,8.76%,$0.18B,$1.68B,13.12%,$0.18B,$1.35B,17.44%,$0.18B,$2.95B,6.43%,$0.30B,$1.71B,21.06%,$715,$47,$668,$274,$113,$444,$271,$-17,$254,$4,$250,$250,$248,$286,$271,$246,249,$1.01,$0.99,$1453,$82,$0,$1872,$708,$0,$335,$32,$1075,$2947,$490,$30,$603,$774,$1264,$2,$-5135,$16,$1683,$2947,$250,$15,$71,$86,$-8,$-8,$1,$-44,$-70,$266,$-11,$0,$0,$0,$-150,$-150,$0,$-161,$-5,$-300,$-305,$11,$11,$0,$4,$-290,$-183,$69,$0
7,2016-12-31,73.67,$5.39,13.67,$6.96,10.58,$0.82,90.26,$-0.47,0.0,$1.83B,$0.79B,2.31,$0.04B,$1.34B,0.03,$1.70B,$1.49B,87.55%,$1.70B,$0.01B,0.59%,$1.70B,$0.01B,0.59%,$1.70B,$0.07B,4.17%,$1.70B,$-0.07B,-3.99%,$1.70B,$-0.11B,-6.64%,$-0.11B,$1.34B,-9.36%,$-0.11B,$1.00B,-12.94%,$-0.11B,$2.90B,-4.29%,$0.01B,$1.37B,0.77%,$459,$60,$398,$248,$110,$419,$40,$-19,$20,$-7,$28,$28,$33,$55,$40,$245,245,$0.13,$0.13,$1482,$78,$0,$1832,$698,$0,$335,$32,$1065,$2897,$793,$35,$590,$766,$1559,$2,$-5374,$21,$1338,$2897,$-84,$61,$261,$322,$-39,$-16,$-12,$-16,$-2,$236,$-57,$0,$0,$0,$128,$128,$33,$104,$-6,$0,$-6,$68,$68,$0,$71,$133,$469,$238,$0
8,2016-09-30,87.21,$4.87,17.9,$6.82,12.79,$-1.62,0.0,$-0.91,0.0,$1.50B,$0.72B,2.08,$0.03B,$1.21B,0.03,$1.66B,$1.45B,87.12%,$1.66B,$-0.08B,-5.05%,$1.66B,$-0.08B,-5.05%,$1.66B,$-0.02B,-1.32%,$1.66B,$-0.16B,-9.87%,$1.66B,$-0.22B,-13.24%,$-0.22B,$1.21B,-19.18%,$-0.22B,$0.87B,-27.09%,$-0.22B,$2.61B,-8.67%,$-0.08B,$1.24B,-6.48%,$414,$54,$360,$272,$106,$433,$-19,$-20,$-39,$1,$-40,$-40,$-39,$-4,$-19,$245,245,$-0.16,$-0.16,$1187,$72,$0,$1502,$688,$0,$335,$85,$1108,$2610,$723,$32,$507,$678,$1401,$2,$-5407,$-4,$1208,$2610,$-112,$46,$201,$247,$-10,$-12,$-22,$-19,$-44,$91,$-42,$0,$0,$0,$-104,$-104,$20,$-126,$-11,$0,$-11,$51,$51,$0,$-0,$40,$5,$179,$0
9,2016-06-30,86.02,$4.72,18.23,$6.41,13.42,$-3.59,0.0,$-1.13,0.0,$1.45B,$0.62B,2.34,$0.11B,$1.17B,0.09,$1.56B,$1.37B,87.68%,$1.56B,$-0.14B,-8.66%,$1.56B,$-0.14B,-8.66%,$1.56B,$-0.07B,-4.62%,$1.56B,$-0.22B,-13.93%,$1.56B,$-0.28B,-17.72%,$-0.28B,$1.17B,-24.78%,$-0.28B,$0.83B,-35.43%,$-0.28B,$2.55B,-11.07%,$-0.14B,$1.28B,-10.09%,$432,$45,$386,$271,$112,$428,$3,$-21,$-18,$18,$-36,$-36,$-65,$18,$3,$244,244,$-0.26,$-0.26,$1142,$67,$0,$1454,$691,$0,$335,$70,$1095,$2549,$623,$109,$508,$757,$1380,$2,$-5368,$-3,$1169,$2549,$-72,$31,$144,$175,$-13,$-8,$-24,$-15,$-77,$26,$-28,$0,$0,$0,$-138,$-138,$5,$-160,$-8,$0,$-8,$34,$34,$0,$-0,$26,$-109,$117,$0
10,2016-03-31,79.49,$4.51,17.61,$5.33,14.9,$-5.06,0.0,$-1.65,0.0,$1.40B,$0.55B,2.54,$0.19B,$1.12B,0.17,$1.29B,$1.13B,87.38%,$1.29B,$-0.31B,-23.92%,$1.29B,$-0.31B,-23.92%,$1.29B,$-0.25B,-19.12%,$1.29B,$-0.39B,-30.19%,$1.29B,$-0.40B,-30.96%,$-0.40B,$1.12B,-36.91%,$-0.40B,$0.78B,-53.42%,$-0.40B,$2.49B,-16.33%,$-0.31B,$1.31B,-22.81%,$398,$51,$347,$256,$105,$412,$-14,$-16,$-31,$5,$-36,$-36,$-42,$2,$-14,$244,244,$-0.17,$-0.17,$1102,$63,$0,$1403,$691,$0,$335,$60,$1085,$2488,$552,$188,$510,$820,$1372,$2,$-5303,$-5,$1116,$2488,$-36,$16,$54,$70,$-3,$-5,$-0,$-10,$-49,$-15,$-12,$0,$0,$0,$-93,$-93,$3,$-103,$-4,$0,$-4,$9,$9,$0,$-0,$5,$-111,$55,$0
11,2015-12-31,125.83,$4.44,28.34,$4.28,29.4,$-5.92,0.0,$-2.31,0.0,$1.41B,$0.51B,2.78,$0.27B,$1.09B,0.24,$1.03B,$0.91B,87.90%,$1.03B,$-0.47B,-45.21%,$1.03B,$-0.47B,-45.21%,$1.03B,$-0.41B,-39.21%,$1.03B,$-0.56B,-53.92%,$1.03B,$-0.56B,-53.92%,$-0.56B,$1.09B,-52.83%,$-0.56B,$0.76B,-70.89%,$-0.56B,$2.50B,-23.52%,$-0.47B,$1.36B,-34.44%,$418,$63,$355,$310,$97,$472,$-54,$-22,$-76,$-1,$-75,$-75,$-74,$-38,$-54,$241,241,$-0.31,$-0.31,$1121,$57,$0,$1407,$698,$0,$335,$29,$1091,$2499,$506,$267,$512,$899,$1405,$2,$-5262,$2,$1094,$2499,$-588,$62,$246,$309,$-110,$-23,$-2,$-23,$-86,$-365,$-45,$0,$-80,$0,$434,$434,$-40,$269,$4,$0,$4,$186,$186,$0,$-0,$189,$90,$231,$0
12,2015-09-30,104.14,$4.38,23.76,$3.16,32.93,$-6.87,0.0,$-2.74,0.0,$1.36B,$0.38B,3.63,$0.33B,$1.08B,0.31,$0.76B,$0.68B,90.00%,$0.76B,$-0.57B,-74.61%,$0.76B,$-0.57B,-74.61%,$0.76B,$-0.50B,-66.32%,$0.76B,$-0.66B,-86.84%,$0.76B,$-0.66B,-86.84%,$-0.66B,$1.08B,-62.57%,$-0.66B,$0.74B,-77.40%,$-0.66B,$2.43B,-28.36%,$-0.57B,$1.41B,-41.39%,$310,$32,$278,$246,$100,$380,$-70,$-22,$-92,$1,$-94,$-94,$-95,$-54,$-70,$242,242,$-0.39,$-0.39,$1082,$49,$0,$1359,$707,$0,$335,$33,$1075,$2434,$375,$334,$517,$982,$1357,$2,$-5188,$2,$1077,$2434,$-514,$47,$191,$238,$-89,$-16,$6,$-37,$-119,$-395,$-33,$0,$-80,$0,$512,$512,$-8,$392,$-3,$0,$-3,$140,$140,$0,$-0,$136,$131,$186,$0
13,2015-06-30,123.48,$4.29,28.78,$2.64,46.76,$-6.92,0.0,$-3.07,0.0,$1.30B,$0.37B,3.46,$0.30B,$1.05B,0.28,$0.63B,$0.57B,90.78%,$0.63B,$-0.64B,-101.59%,$0.63B,$-0.64B,-101.59%,$0.63B,$-0.58B,-91.41%,$0.63B,$-0.74B,-116.85%,$0.63B,$-0.74B,-116.85%,$-0.74B,$1.05B,-68.40%,$-0.74B,$0.71B,-77.49%,$-0.74B,$2.37B,-31.68%,$-0.64B,$1.34B,-45.95%,$166,$17,$149,$224,$94,$337,$-171,$-20,$-191,$30,$-221,$-221,$-189,$-157,$-171,$241,241,$-0.78,$-0.78,$1105,$42,$0,$1295,$713,$0,$335,$31,$1079,$2374,$374,$295,$524,$952,$1326,$2,$-5093,$-2,$1048,$2374,$-420,$30,$133,$163,$-21,$-9,$-3,$-25,$-76,$-333,$-24,$0,$-80,$0,$616,$616,$-20,$492,$-1,$0,$-1,$88,$88,$0,$-0,$87,$245,$121,$0
14,2015-03-31,117.97,$4.10,28.81,$2.54,46.4,$-6.85,0.0,$-2.97,0.0,$1.36B,$0.30B,4.49,$0.31B,$1.00B,0.31,$0.60B,$0.54B,90.35%,$0.60B,$-0.65B,-107.99%,$0.60B,$-0.65B,-107.99%,$0.60B,$-0.58B,-97.17%,$0.60B,$-0.70B,-116.81%,$0.60B,$-0.71B,-117.30%,$-0.71B,$1.00B,-63.77%,$-0.71B,$0.93B,-66.79%,$-0.71B,$2.17B,-31.25%,$-0.65B,$1.31B,-47.76%,$139,$12,$126,$216,$86,$310,$-172,$-26,$-198,$0,$-199,$-199,$-199,$-156,$-172,$239,239,$-0.83,$-0.83,$1181,$34,$0,$1358,$709,$0,$69,$30,$808,$2166,$302,$313,$514,$866,$1168,$2,$-4904,$1,$998,$2166,$-199,$16,$58,$74,$-6,$-3,$-24,$-21,$-98,$-222,$-11,$0,$0,$0,$246,$246,$-21,$214,$9,$0,$9,$42,$42,$0,$-0,$50,$40,$57,$0
15,2014-12-31,118.8,$4.53,26.2,$2.47,48.04,$-6.70,0.0,$-3.14,0.0,$1.55B,$0.37B,4.2,$0.32B,$1.10B,0.29,$0.58B,$0.52B,89.66%,$0.58B,$-0.69B,-119.48%,$0.58B,$-0.69B,-119.48%,$0.58B,$-0.63B,-108.28%,$0.58B,$-0.74B,-126.72%,$0.58B,$-0.74B,-127.24%,$-0.74B,$1.10B,-63.42%,$-0.74B,$1.03B,-65.70%,$-0.74B,$2.34B,-32.60%,$-0.69B,$1.42B,-51.28%,$145,$14,$131,$201,$79,$298,$-154,$-25,$-179,$2,$-181,$-181,$-177,$-137,$-154,$235,235,$-0.74,$-0.74,$1396,$31,$0,$1547,$716,$0,$69,$3,$788,$2335,$368,$320,$508,$870,$1238,$2,$-4705,$1,$1096,$2335,$-743,$63,$177,$241,$7,$-16,$25,$-41,$-71,$-573,$-51,$0,$-10,$0,$134,$134,$9,$82,$273,$0,$273,$275,$275,$0,$2,$549,$56,$178,$0
16,2014-09-30,112.31,$4.81,23.34,$3.42,32.84,$-4.55,0.0,$-2.21,0.0,$1.65B,$0.37B,4.43,$0.34B,$1.16B,0.29,$0.79B,$0.72B,91.35%,$0.79B,$-0.53B,-67.43%,$0.79B,$-0.53B,-67.43%,$0.79B,$-0.47B,-59.16%,$0.79B,$-0.56B,-70.87%,$0.79B,$-0.52B,-65.78%,$-0.52B,$1.16B,-42.08%,$-0.52B,$1.13B,-43.16%,$-0.52B,$2.41B,-22.88%,$-0.53B,$1.49B,-39.30%,$179,$14,$165,$191,$75,$321,$-142,$-24,$-167,$3,$-170,$-170,$-170,$-125,$-142,$236,236,$-0.72,$-0.72,$1478,$17,$0,$1650,$721,$0,$31,$4,$756,$2406,$372,$337,$506,$878,$1250,$2,$-4529,$1,$1156,$2406,$-562,$47,$136,$183,$-7,$-5,$-6,$-34,$-12,$-391,$-37,$0,$0,$0,$137,$137,$0,$100,$285,$0,$285,$201,$201,$0,$-45,$441,$149,$135,$0
17,2014-06-30,94.68,$4.94,19.17,$3.62,26.13,$-3.24,0.0,$-2.03,0.0,$1.35B,$0.36B,3.71,$0.05B,$1.17B,0.04,$0.83B,$0.75B,90.11%,$0.83B,$-0.51B,-61.76%,$0.83B,$-0.51B,-61.76%,$0.83B,$-0.45B,-54.76%,$0.83B,$-0.51B,-61.40%,$0.83B,$-0.47B,-56.82%,$-0.47B,$1.17B,-36.19%,$-0.47B,$1.14B,-39.00%,$-0.47B,$2.12B,-20.44%,$-0.51B,$1.22B,-38.01%,$138,$17,$121,$224,$77,$319,$-181,$22,$-158,$1,$-159,$-159,$-159,$-166,$-181,$234,234,$-0.68,$-0.68,$1219,$12,$0,$1347,$730,$0,$31,$9,$770,$2118,$363,$45,$499,$583,$946,$2,$-4359,$-0,$1172,$2118,$-392,$30,$89,$119,$3,$1,$8,$-23,$-31,$-304,$-27,$0,$0,$0,$97,$97,$0,$69,$-4,$0,$-4,$118,$118,$0,$-30,$84,$-149,$89,$0
18,2014-03-31,70.72,$5.21,13.57,$4.43,15.96,$-2.21,0.0,$-1.61,0.0,$1.43B,$0.37B,3.83,$0.05B,$1.23B,0.04,$1.00B,$0.90B,89.72%,$1.00B,$-0.39B,-38.72%,$1.00B,$-0.39B,-38.72%,$1.00B,$-0.33B,-33.33%,$1.00B,$-0.42B,-41.42%,$1.00B,$-0.37B,-36.83%,$-0.37B,$1.23B,-26.63%,$-0.37B,$1.20B,-30.01%,$-0.37B,$2.20B,-15.24%,$-0.39B,$1.28B,-27.19%,$118,$15,$103,$239,$74,$334,$-216,$-15,$-231,$1,$-232,$-232,$-232,$-200,$-216,$233,233,$-1.00,$-1.00,$1324,$11,$0,$1430,$726,$0,$31,$10,$767,$2197,$374,$49,$499,$593,$966,$2,$-4199,$-0,$1231,$2197,$-232,$16,$46,$62,$25,$2,$1,$-16,$-6,$-176,$-16,$0,$0,$0,$-5,$-5,$0,$-20,$5,$0,$5,$60,$60,$0,$-15,$50,$-145,$47,$0
19,2013-12-31,74.3,$5.80,12.81,$5.45,13.64,$-1.77,0.0,$-2.04,0.0,$1.59B,$0.40B,3.99,$0.05B,$1.36B,0.04,$1.21B,$1.08B,89.27%,$1.21B,$-0.61B,-50.33%,$1.21B,$-0.61B,-50.33%,$1.21B,$-0.56B,-46.37%,$1.21B,$-0.63B,-51.73%,$1.21B,$-0.45B,-36.72%,$-0.45B,$1.36B,-33.90%,$-0.45B,$1.33B,-40.70%,$-0.45B,$2.32B,-18.02%,$-0.61B,$1.41B,-42.20%,$351,$22,$329,$222,$70,$342,$9,$-9,$-1,$7,$-8,$-8,$44,$26,$9,$225,225,$0.25,$0.25,$1465,$14,$0,$1589,$697,$0,$31,$3,$730,$2319,$398,$49,$467,$565,$963,$2,$-3967,$-0,$1356,$2319,$-688,$48,$593,$641,$53,$7,$-49,$-65,$-14,$-61,$-51,$0,$0,$0,$-62,$-62,$1,$-113,$-16,$0,$-16,$266,$266,$0,$-1,$248,$80,$133,$0
20,2013-09-30,75.82,$6.19,12.24,$5.44,13.94,$-0.36,0.0,$-2.58,0.0,$1.65B,$0.41B,4.03,$0.04B,$1.45B,0.03,$1.20B,$1.00B,83.60%,$1.20B,$-0.65B,-54.56%,$1.20B,$-0.65B,-54.56%,$1.20B,$-0.61B,-50.96%,$1.20B,$-0.66B,-55.40%,$1.20B,$-0.56B,-47.20%,$-0.56B,$1.45B,-44.32%,$-0.56B,$1.17B,-63.55%,$-0.56B,$2.58B,-21.86%,$-0.65B,$1.49B,-43.55%,$222,$27,$194,$219,$86,$345,$-124,$5,$-119,$3,$-121,$-121,$-124,$-114,$-124,$231,231,$-0.54,$-0.54,$1474,$14,$0,$1649,$649,$0,$282,$4,$934,$2583,$409,$39,$420,$726,$1136,$2,$-4011,$-1,$1447,$2583,$-503,$31,$415,$446,$21,$5,$-46,$-32,$-23,$-80,$-37,$0,$0,$0,$-7,$-7,$51,$7,$-15,$0,$-15,$242,$242,$0,$-63,$164,$94,$110,$0
21,2013-06-30,80.06,$6.50,12.31,$6.05,13.24,$1.01,79.29,$-2.31,0.0,$1.72B,$0.38B,4.5,$0.03B,$1.51B,0.02,$1.31B,$1.10B,84.19%,$1.31B,$-0.53B,-40.41%,$1.31B,$-0.53B,-40.41%,$1.31B,$-0.49B,-37.20%,$1.31B,$-0.55B,-41.86%,$1.31B,$-0.50B,-38.04%,$-0.50B,$1.51B,-40.91%,$-0.50B,$1.23B,-68.29%,$-0.50B,$2.58B,-19.05%,$-0.53B,$1.54B,-34.53%,$311,$38,$273,$222,$107,$368,$-57,$-7,$-64,$-2,$-62,$-62,$-57,$-46,$-57,$222,222,$-0.26,$-0.26,$1489,$20,$0,$1717,$582,$0,$282,$4,$868,$2584,$382,$28,$392,$693,$1075,$2,$-3887,$-1,$1509,$2584,$-374,$21,$373,$395,$-18,$7,$-53,$-25,$-87,$-67,$-18,$0,$0,$0,$-67,$-67,$44,$-42,$-12,$0,$-12,$208,$208,$0,$-44,$151,$42,$78,$0
22,2013-03-31,54.97,$4.29,12.81,$6.63,8.29,$1.86,29.48,$-2.36,0.0,$1.57B,$0.41B,3.84,$0.42B,$0.94B,0.44,$1.42B,$1.13B,80.01%,$1.42B,$-0.48B,-34.11%,$1.42B,$-0.48B,-34.11%,$1.42B,$-0.44B,-31.29%,$1.42B,$-0.50B,-35.17%,$1.42B,$-0.51B,-35.73%,$-0.51B,$0.94B,-44.33%,$-0.51B,$0.66B,-92.00%,$-0.51B,$2.39B,-19.32%,$-0.48B,$1.35B,-31.18%,$328,$43,$286,$218,$93,$767,$-438,$-5,$-443,$-130,$-313,$-313,$-308,$-428,$-438,$215,215,$-1.43,$-1.43,$1302,$22,$0,$1566,$504,$0,$282,$41,$826,$2392,$408,$415,$351,$1047,$1454,$2,$-3830,$-1,$938,$2392,$-313,$11,$317,$328,$-49,$9,$-41,$-23,$-81,$-66,$-17,$0,$0,$0,$-28,$-28,$7,$-38,$-10,$0,$-10,$22,$22,$0,$-18,$-6,$-110,$34,$0
23,2012-12-31,41.9,$5.50,7.61,$7.10,5.9,$2.23,18.77,$-0.50,0.0,$1.59B,$0.43B,3.67,$0.42B,$1.20B,0.35,$1.53B,$1.25B,81.66%,$1.53B,$0.05B,3.08%,$1.53B,$0.05B,3.08%,$1.53B,$0.09B,5.57%,$1.53B,$0.03B,2.16%,$1.53B,$-0.11B,-7.01%,$-0.11B,$1.20B,-9.11%,$-0.11B,$0.50B,-22.31%,$-0.11B,$2.76B,-4.10%,$0.05B,$1.61B,2.98%,$334,$88,$246,$173,$106,$367,$-33,$-3,$-36,$-42,$5,$5,$-75,$-21,$-33,$212,215,$-0.36,$-0.35,$1391,$30,$0,$1590,$434,$0,$694,$42,$1170,$2759,$433,$415,$301,$1131,$1563,$2,$-3522,$-1,$1196,$2759,$-51,$38,$293,$331,$40,$-30,$15,$-63,$-12,$268,$-71,$0,$0,$0,$-339,$-339,$-16,$-426,$-3,$0,$-3,$192,$192,$0,$-17,$172,$14,$125,$0
24,2012-09-30,55.89,$5.67,9.86,$8.25,6.77,$1.84,30.36,$0.59,94.73,$1.64B,$0.41B,4.02,$0.40B,$1.23B,0.33,$1.76B,$1.53B,87.36%,$1.76B,$0.30B,17.31%,$1.76B,$0.30B,17.31%,$1.76B,$0.34B,19.36%,$1.76B,$0.28B,15.95%,$1.76B,$0.13B,7.23%,$0.13B,$1.23B,11.47%,$0.13B,$0.53B,30.77%,$0.13B,$2.72B,5.14%,$0.30B,$1.63B,20.17%,$336,$39,$297,$200,$98,$337,$-1,$-4,$-5,$21,$-26,$-26,$-58,$8,$-1,$214,214,$-0.27,$-0.27,$1373,$86,$0,$1635,$124,$0,$694,$43,$1084,$2719,$407,$400,$264,$1086,$1492,$2,$-3446,$-0,$1226,$2719,$27,$26,$208,$234,$44,$-32,$1,$-56,$-34,$227,$-43,$0,$0,$0,$-368,$-368,$-22,$-433,$-2,$0,$-2,$175,$175,$0,$-5,$167,$-38,$95,$0
25,2012-06-30,55.92,$5.60,9.99,$9.68,5.77,$-0.78,0.0,$1.88,29.74,$1.59B,$0.38B,4.2,$0.40B,$1.21B,0.33,$2.08B,$1.86B,89.37%,$2.08B,$0.52B,25.06%,$2.08B,$0.52B,25.06%,$2.08B,$0.56B,26.70%,$2.08B,$0.49B,23.38%,$2.08B,$0.41B,19.53%,$0.41B,$1.21B,41.68%,$0.41B,$0.51B,145.52%,$0.41B,$2.61B,17.56%,$0.52B,$1.61B,37.92%,$418,$114,$304,$197,$118,$429,$-11,$-4,$-14,$20,$-34,$-34,$-65,$-2,$-11,$211,211,$-0.31,$-0.31,$1279,$88,$0,$1593,$273,$0,$694,$44,$1012,$2605,$380,$400,$208,$1019,$1399,$2,$-3388,$-1,$1206,$2605,$53,$17,$161,$178,$-2,$-34,$-15,$-66,$-110,$121,$-22,$0,$0,$0,$-276,$-276,$-4,$-302,$0,$0,$0,$158,$158,$0,$1,$159,$-21,$65,$0
26,2012-03-31,41.01,$5.07,8.1,$8.26,4.96,$-3.29,0.0,$1.34,30.6,$1.44B,$0.36B,4.03,$0.40B,$1.07B,0.38,$1.78B,$1.66B,93.46%,$1.78B,$0.37B,20.62%,$1.78B,$0.37B,20.62%,$1.78B,$0.40B,22.54%,$1.78B,$0.33B,18.31%,$1.78B,$0.30B,16.73%,$0.30B,$1.07B,38.29%,$0.30B,$0.37B,552.56%,$0.30B,$2.35B,14.13%,$0.37B,$1.47B,31.13%,$439,$39,$400,$196,$111,$347,$92,$-4,$88,$0,$88,$88,$91,$100,$92,$208,219,$0.44,$0.43,$1039,$130,$0,$1436,$170,$0,$694,$45,$910,$2346,$357,$400,$126,$921,$1278,$2,$-3323,$-1,$1068,$2346,$88,$9,$27,$36,$-49,$-17,$-1,$-37,$-121,$3,$-6,$0,$0,$0,$-219,$-219,$-6,$-232,$0,$0,$0,$21,$21,$0,$0,$22,$-207,$30,$0
27,2011-12-31,33.21,$4.44,7.49,$6.63,5.01,$-4.23,0.0,$0.04,830.25,$1.33B,$0.39B,3.39,$0.40B,$0.93B,0.43,$1.41B,$1.33B,94.33%,$1.41B,$0.11B,8.09%,$1.41B,$0.11B,8.09%,$1.41B,$0.15B,10.57%,$1.41B,$0.06B,4.33%,$1.41B,$0.03B,2.13%,$0.03B,$0.93B,4.94%,$0.03B,$0.23B,-38.46%,$0.03B,$2.20B,1.58%,$0.11B,$1.33B,11.32%,$563,$30,$533,$186,$122,$339,$224,$-13,$211,$23,$188,$188,$159,$234,$224,$205,209,$0.80,$0.84,$1021,$112,$0,$1331,$133,$0,$694,$45,$873,$2204,$392,$400,$85,$883,$1276,$2,$-3415,$-1,$928,$2204,$41,$35,$260,$295,$-171,$-111,$37,$-61,$-192,$144,$-35,$0,$-60,$0,$294,$294,$13,$212,$-155,$0,$-155,$125,$125,$0,$-94,$-124,$232,$127,$0
28,2011-09-30,44.46,$3.33,13.35,$4.26,10.45,$-8.11,0.0,$-1.60,0.0,$1.25B,$0.55B,2.27,$0.40B,$0.69B,0.58,$0.91B,$0.86B,94.09%,$0.91B,$-0.28B,-30.34%,$0.91B,$-0.28B,-30.34%,$0.91B,$-0.24B,-26.62%,$0.91B,$-0.33B,-36.14%,$0.91B,$-0.31B,-33.84%,$-0.31B,$0.69B,-61.71%,$-0.31B,$-0.00B,210.56%,$-0.31B,$2.09B,-17.36%,$-0.28B,$1.09B,-30.75%,$659,$38,$621,$189,$111,$443,$216,$-15,$201,$-28,$228,$228,$221,$223,$216,$206,219,$1.06,$1.02,$709,$68,$0,$1246,$101,$0,$697,$48,$846,$2092,$549,$400,$55,$849,$1398,$2,$-3573,$-1,$694,$2092,$-147,$25,$211,$236,$-433,$-67,$12,$-63,$-449,$-360,$-25,$0,$-60,$0,$672,$672,$13,$600,$-50,$0,$-50,$109,$109,$0,$0,$59,$299,$96,$0
29,2011-06-30,51.99,$1.99,26.13,$1.37,37.97,$-8.81,0.0,$-3.66,0.0,$0.83B,$0.48B,1.73,$0.40B,$0.41B,0.97,$0.28B,$0.26B,93.17%,$0.28B,$-0.69B,-249.28%,$0.28B,$-0.69B,-249.28%,$0.28B,$-0.66B,-237.05%,$0.28B,$-0.74B,-266.19%,$0.28B,$-0.74B,-265.83%,$-0.74B,$0.41B,-150.89%,$-0.74B,$-0.39B,617.12%,$-0.74B,$1.76B,-42.75%,$-0.69B,$0.81B,-76.03%,$114,$9,$105,$174,$97,$280,$-166,$-9,$-175,$24,$-199,$-199,$-174,$-157,$-166,$204,204,$-0.85,$-0.85,$657,$53,$0,$827,$84,$0,$803,$49,$936,$1763,$479,$400,$40,$871,$1350,$2,$-3795,$-1,$413,$1763,$-375,$18,$90,$108,$-84,$-52,$30,$-44,$-135,$-403,$-15,$0,$-60,$0,$653,$653,$1,$579,$-50,$0,$-50,$89,$89,$0,$0,$39,$215,$64,$0
30,2011-03-31,47.93,$1.91,25.14,$0.97,49.55,$-8.35,0.0,$-3.81,0.0,$0.87B,$0.42B,2.1,$0.40B,$0.39B,1.02,$0.20B,$0.18B,93.37%,$0.20B,$-0.70B,-355.61%,$0.20B,$-0.70B,-355.61%,$0.20B,$-0.66B,-338.78%,$0.20B,$-0.77B,-390.31%,$0.20B,$-0.77B,-390.31%,$-0.77B,$0.39B,-128.95%,$-0.77B,$-0.15B,-1585.49%,$-0.77B,$1.54B,-44.96%,$-0.70B,$0.79B,-74.41%,$74,$3,$71,$159,$72,$234,$-160,$-16,$-176,$0,$-176,$-176,$-176,$-151,$-160,$202,202,$-0.87,$-0.87,$823,$18,$0,$873,$71,$0,$545,$50,$666,$1538,$416,$400,$26,$731,$1147,$2,$-3621,$-1,$392,$1538,$-176,$9,$42,$50,$7,$-18,$-1,$-29,$-61,$-187,$-5,$0,$0,$0,$411,$411,$-1,$406,$-50,$0,$-50,$34,$34,$0,$0,$-16,$203,$30,$0
31,2010-12-31,35.03,$2.48,14.15,$0.72,48.93,$-8.41,0.0,$-3.77,0.0,$1.06B,$0.48B,2.23,$0.40B,$0.50B,0.79,$0.14B,$0.13B,90.97%,$0.14B,$-0.70B,-484.03%,$0.14B,$-0.70B,-484.03%,$0.14B,$-0.67B,-462.50%,$0.14B,$-0.75B,-523.61%,$0.14B,$-0.75B,-523.61%,$-0.75B,$0.50B,-101.48%,$-0.75B,$-0.04B,-380.81%,$-0.75B,$1.73B,-42.85%,$-0.70B,$0.90B,-68.48%,$66,$3,$62,$169,$62,$232,$-167,$-14,$-180,$0,$-180,$-180,$-180,$-158,$-167,$200,200,$-0.90,$-0.90,$1031,$0,$0,$1057,$72,$0,$545,$51,$668,$1725,$475,$400,$26,$747,$1221,$2,$-3444,$-1,$504,$1725,$-755,$30,$153,$183,$-3,$0,$-1,$-66,$-64,$-635,$-38,$0,$0,$0,$50,$50,$-5,$7,$0,$0,$0,$33,$33,$0,$392,$425,$-203,$98,$0
32,2010-09-30,34.57,$3.20,10.8,$0.58,59.14,$-7.65,0.0,$-3.72,0.0,$1.23B,$0.31B,3.94,$0.49B,$0.65B,0.75,$0.11B,$0.10B,88.39%,$0.11B,$-0.68B,-604.46%,$0.11B,$-0.68B,-604.46%,$0.11B,$-0.65B,-576.79%,$0.11B,$-0.73B,-654.46%,$0.11B,$-0.73B,-654.46%,$-0.73B,$0.65B,-82.27%,$-0.73B,$0.11B,-211.70%,$-0.73B,$1.89B,-40.34%,$-0.68B,$1.14B,-61.76%,$24,$3,$21,$170,$49,$223,$-200,$-9,$-209,$0,$-209,$-209,$-209,$-193,$-200,$201,201,$-1.04,$-1.04,$1203,$0,$0,$1226,$65,$0,$545,$52,$662,$1889,$312,$487,$102,$927,$1239,$2,$-3264,$-1,$650,$1889,$-574,$22,$117,$139,$5,$0,$-12,$-30,$-34,$-469,$-24,$0,$0,$0,$205,$205,$-5,$177,$392,$0,$392,$24,$24,$0,$-0,$416,$123,$72,$0
33,2010-06-30,32.9,$4.08,8.06,$0.61,54.31,$-7.10,0.0,$-3.52,0.0,$1.01B,$0.29B,3.44,$0.09B,$0.83B,0.1,$0.11B,$0.10B,87.61%,$0.11B,$-0.63B,-553.10%,$0.11B,$-0.63B,-553.10%,$0.11B,$-0.59B,-525.66%,$0.11B,$-0.67B,-596.46%,$0.11B,$-0.67B,-596.46%,$-0.67B,$0.83B,-76.53%,$-0.67B,$0.28B,-201.65%,$-0.67B,$1.65B,-38.78%,$-0.63B,$0.91B,-60.68%,$32,$3,$29,$155,$41,$201,$-170,$-30,$-200,$0,$-200,$-200,$-200,$-162,$-170,$200,200,$-1.00,$-1.00,$979,$0,$0,$1005,$60,$0,$545,$44,$650,$1654,$292,$86,$93,$535,$827,$2,$-3055,$-1,$827,$1654,$-365,$15,$83,$98,$6,$0,$10,$-36,$-38,$-305,$-13,$0,$0,$0,$197,$197,$-5,$179,$0,$0,$0,$17,$17,$0,$-0,$17,$-109,$47,$0
34,2010-03-31,40.87,$4.90,8.34,$0.56,73.18,$-7.34,0.0,$-3.51,0.0,$1.13B,$0.21B,5.33,$0.13B,$0.99B,0.13,$0.10B,$0.09B,86.00%,$0.10B,$-0.61B,-612.00%,$0.10B,$-0.61B,-612.00%,$0.10B,$-0.58B,-581.00%,$0.10B,$-0.65B,-645.00%,$0.10B,$-0.65B,-645.00%,$-0.65B,$0.99B,-75.33%,$-0.65B,$0.45B,-209.59%,$-0.65B,$1.77B,-38.29%,$-0.61B,$1.12B,-60.01%,$22,$3,$19,$143,$36,$183,$-160,$-5,$-165,$0,$-165,$-165,$-165,$-153,$-160,$199,199,$-0.83,$-0.83,$1093,$0,$0,$1127,$58,$0,$545,$41,$644,$1770,$212,$125,$67,$568,$780,$2,$-2855,$-1,$991,$1770,$-165,$8,$25,$33,$2,$0,$-8,$-29,$-64,$-196,$-3,$0,$0,$0,$142,$142,$-0,$139,$0,$0,$0,$8,$8,$0,$-0,$8,$-50,$21,$0
35,2009-12-31,42.85,$5.48,7.82,$0.60,71.47,$-7.57,0.0,$-3.72,0.0,$1.31B,$0.29B,4.59,$0.12B,$1.10B,0.11,$0.10B,$0.09B,85.29%,$0.10B,$-0.61B,-601.96%,$0.10B,$-0.61B,-601.96%,$0.10B,$-0.58B,-571.57%,$0.10B,$-0.64B,-630.39%,$0.10B,$-0.64B,-630.39%,$-0.64B,$1.10B,-81.88%,$-0.64B,$0.55B,-273.91%,$-0.64B,$1.96B,-39.36%,$-0.61B,$1.22B,-62.07%,$34,$4,$30,$135,$33,$181,$-147,$-12,$-159,$0,$-159,$-159,$-159,$-138,$-147,$173,173,$-0.84,$-0.84,$1285,$0,$0,$1307,$62,$0,$545,$41,$648,$1955,$285,$122,$67,$574,$859,$2,$-2690,$-1,$1096,$1955,$-642,$30,$123,$153,$14,$0,$-15,$55,$61,$-428,$-23,$0,$-87,$0,$-398,$-398,$-0,$-509,$150,$0,$150,$849,$849,$0,$-0,$999,$58,$93,$0
36,2009-09-30,37.9,$3.37,11.26,$0.64,59.46,$-6.81,0.0,$-3.83,0.0,$0.91B,$0.23B,3.95,$0.26B,$0.61B,0.43,$0.10B,$0.09B,85.15%,$0.10B,$-0.61B,-602.97%,$0.10B,$-0.61B,-602.97%,$0.10B,$-0.58B,-572.28%,$0.10B,$-0.63B,-619.80%,$0.10B,$-0.63B,-619.80%,$-0.63B,$0.61B,-109.63%,$-0.63B,$0.06B,-400.00%,$-0.63B,$1.57B,-45.04%,$-0.61B,$0.87B,-74.61%,$25,$4,$21,$132,$37,$173,$-148,$-1,$-150,$0,$-150,$-150,$-150,$-141,$-148,$179,179,$-0.84,$-0.84,$857,$0,$0,$914,$62,$0,$552,$45,$659,$1573,$231,$263,$63,$733,$965,$2,$-2531,$-0,$609,$1573,$-484,$22,$88,$110,$13,$0,$-32,$72,$48,$-325,$-16,$0,$-87,$0,$142,$142,$-0,$39,$122,$0,$122,$338,$338,$0,$-0,$460,$170,$74,$0
37,2009-06-30,35.97,$4.05,8.89,$0.72,49.73,$-6.00,0.0,$-3.92,0.0,$0.78B,$0.18B,4.26,$0.14B,$0.73B,0.2,$0.11B,$0.09B,85.19%,$0.11B,$-0.59B,-548.15%,$0.11B,$-0.59B,-548.15%,$0.11B,$-0.56B,-518.52%,$0.11B,$-0.61B,-561.11%,$0.11B,$-0.61B,-561.11%,$-0.61B,$0.73B,-119.70%,$-0.61B,$0.18B,-263.76%,$-0.61B,$1.44B,-47.96%,$-0.59B,$0.87B,-78.15%,$19,$3,$16,$139,$33,$176,$-157,$-14,$-171,$0,$-171,$-171,$-171,$-149,$-157,$173,173,$-0.99,$-0.99,$754,$0,$0,$783,$64,$0,$553,$40,$657,$1440,$184,$144,$28,$527,$711,$2,$-2382,$0,$729,$1440,$-334,$15,$67,$81,$9,$0,$-25,$-17,$-51,$-304,$-11,$0,$-87,$0,$95,$95,$0,$-3,$0,$0,$0,$330,$330,$0,$-0,$330,$20,$52,$0
38,2009-03-31,28.73,$4.09,7.03,$1.11,25.81,$-4.30,0.0,$-3.59,0.0,$0.90B,$0.18B,5.03,$0.29B,$0.71B,0.41,$0.16B,$0.14B,89.87%,$0.16B,$-0.53B,-332.91%,$0.16B,$-0.53B,-332.91%,$0.16B,$-0.49B,-312.66%,$0.16B,$-0.53B,-332.91%,$0.16B,$-0.53B,-332.91%,$-0.53B,$0.71B,-136.98%,$-0.53B,$0.15B,-214.04%,$-0.53B,$1.57B,-45.89%,$-0.53B,$0.99B,-78.39%,$24,$4,$20,$144,$29,$186,$-162,$-1,$-163,$0,$-163,$-163,$-163,$-155,$-162,$156,156,$-1.04,$-1.04,$869,$0,$0,$902,$67,$0,$553,$44,$664,$1566,$179,$288,$28,$680,$859,$2,$-2210,$1,$707,$1566,$-163,$7,$26,$33,$7,$0,$-30,$-12,$-56,$-186,$-7,$0,$-87,$0,$174,$174,$0,$80,$0,$0,$0,$319,$319,$0,$0,$319,$213,$23,$0
39,2008-12-31,30.38,$1.58,19.24,$1.27,23.93,$-3.89,0.0,$-3.27,0.0,$0.87B,$0.22B,4.01,$0.29B,$0.24B,1.2,$0.18B,$0.16B,90.91%,$0.18B,$-0.46B,-263.07%,$0.18B,$-0.46B,-263.07%,$0.18B,$-0.43B,-244.32%,$0.18B,$-0.46B,-260.80%,$0.18B,$-0.46B,-260.80%,$-0.46B,$0.24B,-162.05%,$-0.46B,$0.24B,-162.05%,$-0.46B,$0.98B,-46.97%,$-0.46B,$0.53B,-81.16%,$33,$4,$29,$139,$29,$175,$-142,$-0,$-142,$0,$-142,$-142,$-142,$-133,$-142,$141,141,$-0.96,$-0.96,$832,$0,$0,$868,$68,$0,$0,$45,$113,$980,$217,$288,$28,$525,$742,$1,$-2048,$3,$239,$980,$-460,$32,$62,$95,$8,$0,$19,$108,$139,$-226,$-32,$0,$0,$0,$-328,$-328,$0,$-361,$259,$0,$259,$362,$362,$0,$0,$621,$33,$63,$0
40,2008-09-30,33.24,$2.33,14.29,$1.43,23.23,$-4.26,0.0,$-2.97,0.0,$0.95B,$0.18B,5.28,$0.29B,$0.35B,0.82,$0.19B,$0.18B,91.75%,$0.19B,$-0.41B,-212.89%,$0.19B,$-0.41B,-212.89%,$0.19B,$-0.38B,-196.39%,$0.19B,$-0.40B,-207.73%,$0.19B,$-0.40B,-207.73%,$-0.40B,$0.35B,-138.37%,$-0.40B,$0.35B,-138.37%,$-0.40B,$1.07B,-45.67%,$-0.41B,$0.64B,-81.50%,$32,$4,$27,$132,$25,$162,$-131,$1,$-130,$0,$-130,$-130,$-130,$-123,$-131,$140,140,$-0.93,$-0.93,$920,$0,$0,$953,$70,$0,$0,$45,$115,$1068,$180,$288,$28,$537,$718,$1,$-1905,$1,$350,$1068,$-318,$24,$47,$71,$9,$0,$-1,$120,$117,$-129,$-26,$0,$0,$0,$-264,$-264,$-0,$-290,$259,$0,$259,$348,$348,$0,$0,$607,$187,$48,$0
41,2008-06-30,33.47,$1.70,19.69,$1.52,22.0,$-4.90,0.0,$-2.86,0.0,$0.86B,$0.18B,4.69,$0.29B,$0.24B,1.2,$0.20B,$0.19B,92.61%,$0.20B,$-0.40B,-195.07%,$0.20B,$-0.40B,-195.07%,$0.20B,$-0.37B,-179.80%,$0.20B,$-0.38B,-187.19%,$0.20B,$-0.38B,-187.19%,$-0.38B,$0.24B,-132.52%,$-0.38B,$0.24B,-132.52%,$-0.38B,$0.97B,-48.76%,$-0.40B,$0.53B,-91.99%,$69,$4,$66,$130,$26,$161,$-91,$0,$-91,$0,$-91,$-91,$-91,$-83,$-91,$139,139,$-0.66,$-0.66,$832,$0,$0,$858,$67,$0,$0,$47,$113,$971,$183,$288,$28,$548,$731,$1,$-1775,$1,$240,$971,$-187,$16,$32,$48,$16,$0,$4,$130,$138,$-2,$-15,$0,$0,$0,$-170,$-170,$-1,$-186,$258,$0,$258,$124,$124,$0,$0,$382,$194,$32,$0
42,2008-03-31,23.89,$2.17,11.02,$1.32,18.15,$-5.98,0.0,$-3.11,0.0,$0.78B,$0.17B,4.52,$0.29B,$0.30B,0.95,$0.17B,$0.16B,91.28%,$0.17B,$-0.43B,-250.58%,$0.17B,$-0.43B,-250.58%,$0.17B,$-0.40B,-233.14%,$0.17B,$-0.41B,-236.63%,$0.17B,$-0.41B,-236.63%,$-0.41B,$0.30B,-123.15%,$-0.41B,$0.30B,-123.15%,$-0.41B,$0.89B,-56.00%,$-0.43B,$0.59B,-107.08%,$42,$4,$38,$116,$20,$140,$-99,$3,$-96,$0,$-96,$-96,$-96,$-91,$-99,$134,134,$-0.72,$-0.72,$750,$0,$0,$784,$65,$0,$0,$41,$106,$890,$173,$288,$29,$412,$585,$1,$-1684,$2,$304,$890,$-96,$7,$14,$21,$6,$0,$-1,$-12,$-31,$-106,$-5,$0,$0,$0,$-146,$-146,$-0,$-151,$278,$0,$278,$114,$114,$0,$0,$392,$135,$14,$0
43,2007-12-31,23.23,$2.04,11.38,$1.55,14.95,$-5.75,0.0,$-3.03,0.0,$0.50B,$0.20B,2.49,$0.00B,$0.27B,0.0,$0.20B,$0.19B,92.96%,$0.20B,$-0.42B,-211.56%,$0.20B,$-0.42B,-211.56%,$0.20B,$-0.39B,-196.98%,$0.20B,$-0.39B,-196.98%,$0.20B,$-0.39B,-196.98%,$-0.39B,$0.27B,-103.23%,$-0.39B,$0.27B,-103.23%,$-0.39B,$0.60B,-54.98%,$-0.42B,$0.27B,-109.42%,$51,$4,$47,$122,$17,$143,$-92,$6,$-86,$0,$-86,$-86,$-86,$-84,$-92,$129,129,$-0.66,$-0.66,$461,$0,$0,$497,$67,$7,$0,$31,$105,$601,$199,$0,$30,$131,$330,$1,$-1588,$1,$271,$601,$-391,$27,$64,$92,$32,$0,$17,$-24,$47,$-252,$-32,$0,$0,$0,$438,$438,$0,$405,$-42,$0,$-42,$32,$32,$0,$-0,$-10,$142,$64,$0
44,2007-09-30,38.41,$2.51,15.29,$1.99,19.3,$-4.02,0.0,$-2.59,0.0,$0.54B,$0.19B,2.93,$0.00B,$0.33B,0.0,$0.24B,$0.23B,94.63%,$0.24B,$-0.36B,-150.41%,$0.24B,$-0.36B,-150.41%,$0.24B,$-0.34B,-138.84%,$0.24B,$-0.33B,-137.60%,$0.24B,$-0.33B,-137.60%,$-0.33B,$0.33B,-75.94%,$-0.33B,$0.33B,-75.94%,$-0.33B,$0.66B,-41.98%,$-0.36B,$0.33B,-81.16%,$41,$4,$37,$129,$21,$155,$-114,$7,$-107,$0,$-107,$-107,$-107,$-107,$-114,$130,130,$-0.82,$-0.82,$503,$0,$0,$543,$69,$12,$0,$31,$112,$655,$186,$0,$31,$137,$323,$1,$-1502,$0,$332,$655,$-306,$20,$50,$70,$28,$0,$10,$-22,$35,$-200,$-27,$0,$0,$0,$289,$289,$-0,$261,$-42,$0,$-42,$21,$21,$0,$-0,$-21,$41,$50,$0
45,2007-06-30,28.56,$3.16,9.05,$2.15,13.3,$-2.66,0.0,$-2.23,0.0,$0.64B,$0.20B,3.14,$0.00B,$0.42B,0.0,$0.25B,$0.24B,95.28%,$0.25B,$-0.31B,-122.83%,$0.25B,$-0.31B,-122.83%,$0.25B,$-0.29B,-112.20%,$0.25B,$-0.28B,-109.45%,$0.25B,$-0.28B,-109.45%,$-0.28B,$0.42B,-57.62%,$-0.28B,$0.42B,-57.62%,$-0.28B,$0.76B,-32.51%,$-0.31B,$0.42B,-60.91%,$38,$3,$35,$136,$23,$164,$-126,$8,$-118,$0,$-118,$-118,$-118,$-119,$-126,$129,129,$-0.91,$-0.91,$593,$0,$0,$638,$68,$24,$0,$31,$123,$761,$203,$0,$31,$144,$346,$1,$-1395,$-1,$415,$761,$-198,$13,$36,$50,$26,$0,$2,$-17,$13,$-136,$-19,$0,$0,$0,$100,$100,$-1,$80,$0,$0,$0,$12,$12,$0,$-0,$11,$-44,$36,$0
46,2007-03-31,28.04,$3.83,7.32,$2.13,13.19,$-2.73,0.0,$-2.04,0.0,$0.71B,$0.18B,4.05,$0.02B,$0.50B,0.04,$0.25B,$0.23B,95.12%,$0.25B,$-0.27B,-107.72%,$0.25B,$-0.27B,-107.72%,$0.25B,$-0.24B,-96.75%,$0.25B,$-0.24B,-96.75%,$0.25B,$-0.24B,-96.75%,$-0.24B,$0.50B,-56.33%,$-0.24B,$0.50B,-56.33%,$-0.24B,$0.84B,-28.99%,$-0.27B,$0.52B,-53.29%,$69,$3,$66,$133,$17,$157,$-89,$8,$-81,$0,$-81,$-81,$-81,$-82,$-89,$126,126,$-0.64,$-0.64,$655,$0,$0,$707,$61,$35,$0,$32,$129,$835,$175,$20,$32,$159,$334,$1,$-1277,$-1,$501,$835,$-81,$6,$13,$20,$19,$0,$-6,$-12,$-7,$-68,$-6,$0,$0,$0,$213,$213,$-1,$206,$0,$0,$0,$3,$3,$0,$-0,$3,$141,$13,$0
47,2006-12-31,37.42,$4.01,9.33,$1.94,19.26,$-2.78,0.0,$-1.87,0.0,$0.77B,$0.25B,3.07,$0.02B,$0.51B,0.04,$0.22B,$0.20B,94.44%,$0.22B,$-0.23B,-106.02%,$0.22B,$-0.23B,-106.02%,$0.22B,$-0.20B,-93.98%,$0.22B,$-0.21B,-96.30%,$0.22B,$-0.21B,-95.83%,$-0.21B,$0.51B,-58.23%,$-0.21B,$0.51B,-58.23%,$-0.21B,$0.92B,-27.84%,$-0.23B,$0.53B,-48.70%,$94,$3,$91,$117,$8,$129,$-35,$8,$-27,$0,$-27,$-27,$-27,$-28,$-35,$113,113,$-0.18,$-0.18,$705,$0,$0,$771,$62,$57,$0,$32,$150,$922,$251,$20,$28,$165,$416,$1,$-1196,$-1,$506,$922,$-207,$26,$35,$61,$-42,$0,$9,$117,$123,$-22,$-32,$0,$0,$0,$-187,$-187,$11,$-208,$0,$0,$0,$366,$366,$0,$-0,$366,$135,$42,$0
