,Date,Stock Price,Book Value per Share,Price to Book Ratio,TTM Sales per Share,Price to Sales Ratio,TTM FCF per Share,Price to FCF Ratio,TTM Net EPS,PE Ratio,Current Assets,Current Liabilities,Current Ratio,Long Term Debt,Shareholder's Equity_x,Debt to Equity Ratio,TTM Revenue_x,TTM Gross Profit,Gross Margin,TTM Revenue_y,TTM Operating Income,Operating Margin,TTM Revenue_x,TTM EBIT,EBIT Margin,TTM Revenue_y,TTM EBITDA,EBITDA Margin,TTM Revenue_x,TTM Pre-Tax Income,Pre-Tax Margin,TTM Revenue_y,TTM Net Income_x,Net Margin,TTM Net Income_y,Shareholder's Equity_y,Return on Equity,TTM Net Income_x,Tangible Equity,Return on Tangible Equity,TTM Net Income_y,Total Assets,Return on Assets,TTM Net Income,LT Investments & Debt,Return on Investment,revenue,cost-goods-sold,gross-profit,research-development-expenses,selling-general-administrative-expenses,operating-expenses,operating-income,total-non-operating-income-expense,pre-tax-income,total-provision-income-taxes,income-after-taxes,income-from-continuous-operations,net-income,ebitda,ebit,basic-shares-outstanding,shares-outstanding,eps-basic-net-earnings-per-share,eps-earnings-per-share-diluted,cash-on-hand,inventory,other-current-assets,total-current-assets,net-property-plant-equipment,long-term-investments,goodwill-intangible-assets-total,other-long-term-assets,total-long-term-assets,total-assets,total-current-liabilities,long-term-debt,other-non-current-liabilities,total-long-term-liabilities,total-liabilities,common-stock-net,retained-earnings-accumulated-deficit,comprehensive-income,total-share-holder-equity,total-liabilities-share-holders-equity,net-income-loss,total-depreciation-amortization-cash-flow,other-non-cash-items,total-non-cash-items,change-in-accounts-receivable,change-in-inventories,change-in-accounts-payable,change-in-assets-liabilities,total-change-in-assets-liabilities,cash-flow-from-operating-activities,net-change-in-property-plant-equipment,net-change-in-intangible-assets,net-acquisitions-divestitures,net-change-in-short-term-investments,net-change-in-long-term-investments,net-change-in-investments-total,investing-activities-other,cash-flow-from-investing-activities,net-long-term-debt,net-current-debt,debt-issuance-retirement-net-total,net-common-equity-issued-repurchased,net-total-equity-issued-repurchased,total-common-preferred-stock-dividends-paid,financial-activities-other,cash-flow-from-financial-activities,net-cash-flow,stock-based-compensation,common-stock-dividends-paid
0,2018-09-30,63.95,$31.59,2.02,$30.11,2.12,$-8.89,0.0,$-1.76,0.0,$0.79B,$0.46B,1.7,$1.15B,$1.88B,0.61,$1.78B,$0.45B,25.25%,$1.78B,$-0.13B,-7.54%,$1.78B,$-0.13B,-7.54%,$1.78B,$0.15B,8.61%,$1.78B,$-0.16B,-9.22%,$1.78B,$-0.11B,-5.91%,$-0.11B,$1.88B,-5.63%,$-0.11B,$1.74B,-6.13%,$-0.11B,$3.63B,-3.02%,$-0.13B,$3.04B,-4.61%,$517,$392,$125,$31,$113,$539,$-22,$-14,$-36,$-10,$-26,$-26,$-26,$58,$-22,$60,60,$-0.43,$-0.43,$52,$232,$0,$786,$826,$0,$149,$745,$2844,$3630,$463,$1152,$130,$1282,$1745,$0,$252,$8,$1884,$3630,$-61,$157,$32,$189,$-11,$-34,$20,$-2,$-17,$111,$-319,$-22,$0,$0,$0,$0,$42,$-299,$169,$0,$169,$5,$5,$0,$-4,$169,$-20,$39,$0
1,2018-06-30,65.72,$31.78,2.07,$28.20,2.33,$-5.77,0.0,$-1.57,0.0,$0.61B,$0.45B,1.37,$1.07B,$1.89B,0.57,$1.65B,$0.45B,27.09%,$1.65B,$-0.13B,-7.74%,$1.65B,$-0.13B,-7.74%,$1.65B,$0.14B,8.46%,$1.65B,$-0.15B,-9.31%,$1.65B,$-0.09B,-5.62%,$-0.09B,$1.89B,-5.01%,$-0.09B,$1.74B,-5.46%,$-0.09B,$3.54B,-2.74%,$-0.13B,$2.97B,-4.47%,$439,$345,$94,$33,$113,$493,$-54,$-11,$-66,$-29,$-37,$-35,$-34,$23,$-54,$59,59,$-0.57,$-0.57,$55,$220,$0,$614,$772,$0,$151,$742,$2930,$3544,$447,$1073,$132,$1205,$1652,$0,$278,$15,$1892,$3544,$-35,$78,$3,$80,$24,$-22,$-0,$-5,$9,$54,$-147,$-12,$0,$0,$0,$0,$-2,$-161,$92,$0,$92,$2,$2,$0,$-2,$92,$-17,$19,$0
2,2018-03-31,65.72,$31.37,2.09,$27.36,2.4,$-3.44,0.0,$-1.16,0.0,$0.61B,$0.47B,1.31,$0.98B,$1.85B,0.53,$1.60B,$0.47B,29.72%,$1.60B,$-0.09B,-5.77%,$1.60B,$-0.09B,-5.77%,$1.60B,$0.16B,10.22%,$1.60B,$-0.11B,-6.65%,$1.60B,$-0.07B,-4.26%,$-0.07B,$1.85B,-3.70%,$-0.07B,$1.70B,-4.04%,$-0.07B,$3.41B,-2.08%,$-0.09B,$2.83B,-3.30%,$440,$327,$112,$37,$106,$473,$-33,$-4,$-37,$-17,$-20,$-20,$-20,$36,$-33,$58,58,$-0.33,$-0.33,$71,$196,$0,$613,$722,$0,$153,$686,$2802,$3414,$466,$978,$121,$1100,$1566,$0,$286,$16,$1848,$3414,$-68,$256,$82,$338,$-12,$-38,$33,$47,$89,$359,$-512,$-73,$0,$0,$0,$0,$0,$-584,$178,$0,$178,$2,$2,$0,$-14,$166,$-59,$69,$0
3,2017-12-31,74.85,$31.17,2.4,$27.63,2.71,$-2.24,0.0,$-0.71,0.0,$0.65B,$0.39B,1.68,$0.98B,$1.84B,0.53,$1.57B,$0.50B,32.08%,$1.57B,$-0.06B,-3.56%,$1.57B,$-0.06B,-3.56%,$1.57B,$0.19B,12.22%,$1.57B,$-0.07B,-4.20%,$1.57B,$-0.04B,-2.61%,$-0.04B,$1.84B,-2.26%,$-0.04B,$1.68B,-2.48%,$-0.04B,$3.32B,-1.30%,$-0.06B,$2.81B,-2.05%,$382,$264,$118,$40,$100,$407,$-25,$1,$-25,$2,$-27,$-26,$-25,$36,$-25,$59,59,$-0.42,$-0.42,$162,$182,$0,$648,$659,$0,$155,$659,$2667,$3316,$387,$976,$118,$1094,$1481,$0,$308,$11,$1835,$3316,$-49,$186,$70,$256,$30,$-24,$6,$47,$75,$283,$-354,$-55,$0,$0,$0,$0,$0,$-410,$178,$0,$178,$2,$2,$0,$-22,$158,$32,$49,$0
4,2017-09-30,64.32,$31.73,2.03,$28.17,2.28,$-2.46,0.0,$-0.21,0.0,$0.75B,$0.33B,2.26,$1.00B,$1.85B,0.54,$1.57B,$0.51B,32.55%,$1.57B,$-0.02B,-1.46%,$1.57B,$-0.02B,-1.46%,$1.57B,$0.23B,14.33%,$1.57B,$-0.04B,-2.29%,$1.57B,$-0.01B,-0.76%,$-0.01B,$1.85B,-0.67%,$-0.01B,$1.69B,-0.74%,$-0.01B,$3.29B,-0.39%,$-0.02B,$2.84B,-0.86%,$393,$269,$124,$46,$90,$409,$-16,$-10,$-26,$-11,$-15,$-14,$-14,$45,$-16,$58,58,$-0.24,$-0.24,$243,$181,$0,$748,$578,$0,$157,$642,$2540,$3288,$331,$996,$113,$1109,$1440,$0,$333,$7,$1848,$3288,$-23,$125,$43,$167,$8,$-12,$-8,$48,$42,$186,$-207,$-37,$0,$0,$0,$0,$0,$-244,$178,$0,$178,$12,$12,$0,$-20,$170,$113,$31,$0
5,2017-06-30,66.2,$31.55,2.1,$29.31,2.26,$-3.45,0.0,$0.25,264.8,$0.62B,$0.31B,2.02,$0.83B,$1.83B,0.45,$1.58B,$0.52B,32.68%,$1.58B,$0.01B,0.70%,$1.58B,$0.01B,0.70%,$1.58B,$0.26B,16.50%,$1.58B,$0.00B,0.25%,$1.58B,$0.01B,0.82%,$0.01B,$1.83B,0.80%,$0.01B,$1.67B,0.89%,$0.01B,$3.08B,0.45%,$0.01B,$2.66B,0.44%,$380,$260,$120,$45,$89,$398,$-18,$0,$-18,$-9,$-9,$-9,$-9,$46,$-18,$58,58,$-0.16,$-0.16,$161,$178,$0,$620,$559,$0,$160,$606,$2459,$3079,$308,$831,$110,$941,$1248,$0,$346,$1,$1830,$3079,$-9,$64,$18,$82,$47,$-15,$-11,$55,$81,$154,$-110,$-18,$0,$0,$0,$0,$0,$-128,$0,$0,$0,$5,$5,$0,$-0,$5,$30,$16,$0
6,2017-03-31,63.82,$30.17,2.12,$29.98,2.13,$-5.37,0.0,$0.45,141.82,$0.62B,$0.33B,1.89,$0.85B,$1.74B,0.49,$1.56B,$0.51B,32.71%,$1.56B,$0.04B,2.37%,$1.56B,$0.04B,2.37%,$1.56B,$0.28B,18.09%,$1.56B,$0.03B,1.60%,$1.56B,$0.02B,1.54%,$0.02B,$1.74B,1.65%,$0.02B,$1.58B,1.85%,$0.02B,$2.96B,0.88%,$0.04B,$2.59B,1.54%,$416,$274,$142,$40,$97,$414,$3,$-0,$3,$-2,$4,$4,$7,$65,$3,$52,53,$0.11,$0.11,$130,$163,$0,$615,$541,$0,$162,$529,$2340,$2955,$326,$848,$43,$891,$1217,$0,$297,$-3,$1738,$2955,$22,$246,$101,$347,$16,$-12,$1,$-10,$43,$411,$-487,$-71,$-17,$0,$0,$0,$-140,$-715,$-103,$0,$-103,$504,$504,$0,$-8,$393,$88,$56,$0
7,2016-12-31,66.22,$29.81,2.22,$29.71,2.23,$-5.59,0.0,$0.43,154.0,$0.75B,$0.28B,2.7,$0.85B,$1.72B,0.49,$1.52B,$0.48B,31.49%,$1.52B,$0.04B,2.71%,$1.52B,$0.04B,2.71%,$1.52B,$0.28B,18.75%,$1.52B,$0.02B,1.58%,$1.52B,$0.02B,1.39%,$0.02B,$1.72B,1.61%,$0.02B,$1.55B,1.82%,$0.02B,$2.88B,0.81%,$0.04B,$2.56B,1.80%,$381,$256,$125,$34,$80,$373,$8,$-2,$5,$1,$5,$5,$4,$69,$8,$53,54,$0.08,$0.08,$285,$158,$0,$752,$546,$0,$164,$380,$2131,$2883,$279,$847,$41,$888,$1166,$0,$291,$-2,$1717,$2883,$18,$183,$77,$260,$27,$-10,$-8,$-9,$35,$313,$-390,$-56,$-17,$0,$0,$0,$-1,$-463,$-103,$0,$-103,$504,$504,$0,$-8,$394,$243,$40,$0
8,2016-09-30,74.65,$24.25,3.08,$29.67,2.52,$-5.44,0.0,$0.55,135.73,$0.53B,$0.28B,1.86,$1.06B,$1.20B,0.88,$1.48B,$0.46B,31.17%,$1.48B,$0.04B,2.90%,$1.48B,$0.04B,2.90%,$1.48B,$0.29B,19.50%,$1.48B,$0.02B,1.62%,$1.48B,$0.03B,1.82%,$0.03B,$1.20B,2.34%,$0.03B,$1.06B,2.69%,$0.03B,$2.58B,1.10%,$0.04B,$2.26B,2.00%,$399,$271,$128,$30,$77,$381,$18,$-4,$14,$4,$11,$11,$11,$80,$18,$50,51,$0.22,$0.22,$51,$152,$0,$529,$525,$0,$145,$370,$2055,$2583,$284,$1060,$39,$1099,$1383,$0,$287,$-1,$1200,$2583,$13,$122,$52,$173,$6,$-2,$-9,$-4,$5,$192,$-260,$-38,$0,$0,$0,$0,$-1,$-299,$112,$0,$112,$12,$12,$0,$-7,$117,$9,$25,$0
9,2016-06-30,71.4,$23.70,3.01,$28.96,2.47,$-4.70,0.0,$0.43,166.05,$0.52B,$0.25B,2.07,$1.03B,$1.17B,0.89,$1.44B,$0.45B,31.13%,$1.44B,$0.04B,2.72%,$1.44B,$0.04B,2.72%,$1.44B,$0.28B,19.78%,$1.44B,$0.02B,1.25%,$1.44B,$0.02B,1.46%,$0.02B,$1.17B,1.86%,$0.02B,$1.02B,2.15%,$0.02B,$2.49B,0.89%,$0.04B,$2.20B,1.88%,$363,$248,$115,$25,$79,$355,$8,$-5,$3,$1,$2,$2,$2,$68,$8,$49,50,$0.04,$0.04,$47,$156,$0,$519,$502,$0,$148,$362,$1972,$2491,$251,$1034,$38,$1072,$1323,$0,$276,$-1,$1168,$2491,$2,$60,$23,$83,$22,$-12,$-18,$-8,$-23,$62,$-121,$-21,$0,$0,$0,$0,$-1,$-142,$87,$0,$87,$5,$5,$0,$-7,$85,$5,$13,$0
10,2016-03-31,73.48,$23.19,3.17,$28.77,2.55,$-4.51,0.0,$0.44,167.0,$0.52B,$0.28B,1.86,$0.95B,$1.13B,0.83,$1.42B,$0.43B,30.56%,$1.42B,$0.04B,2.82%,$1.42B,$0.04B,2.82%,$1.42B,$0.28B,19.97%,$1.42B,$0.02B,1.34%,$1.42B,$0.02B,1.55%,$0.02B,$1.13B,1.99%,$0.02B,$0.98B,2.32%,$0.02B,$2.40B,0.96%,$0.04B,$2.08B,1.99%,$372,$263,$109,$22,$78,$364,$7,$-6,$2,$-3,$4,$4,$4,$67,$7,$48,49,$0.10,$0.09,$42,$145,$0,$522,$487,$0,$151,$340,$1876,$2397,$280,$946,$37,$983,$1263,$0,$274,$0,$1134,$2397,$22,$242,$85,$328,$-26,$-27,$5,$-4,$-52,$297,$-378,$-73,$-4,$0,$0,$0,$-1,$-456,$146,$0,$146,$6,$6,$0,$-3,$149,$-10,$48,$0
11,2015-12-31,61.01,$22.80,2.68,$28.80,2.12,$-3.23,0.0,$0.51,119.63,$0.58B,$0.25B,2.33,$0.94B,$1.11B,0.84,$1.41B,$0.44B,31.06%,$1.41B,$0.05B,3.76%,$1.41B,$0.05B,3.76%,$1.41B,$0.29B,20.85%,$1.41B,$0.03B,2.20%,$1.41B,$0.03B,1.84%,$0.03B,$1.11B,2.40%,$0.03B,$0.96B,2.81%,$0.03B,$2.34B,1.16%,$0.05B,$2.05B,2.72%,$348,$238,$110,$19,$76,$337,$10,$-6,$5,$-5,$10,$10,$10,$74,$10,$49,50,$0.20,$0.20,$64,$141,$0,$581,$472,$0,$154,$264,$1755,$2336,$249,$937,$36,$973,$1222,$0,$269,$0,$1114,$2336,$17,$182,$65,$247,$2,$-20,$-9,$-7,$-45,$219,$-283,$-52,$-4,$0,$0,$0,$0,$-340,$129,$0,$129,$4,$4,$0,$-2,$132,$12,$34,$0
12,2015-09-30,64.29,$22.73,2.83,$28.81,2.23,$-1.98,0.0,$0.62,103.69,$0.58B,$0.25B,2.31,$0.86B,$1.10B,0.78,$1.40B,$0.43B,30.96%,$1.40B,$0.06B,4.35%,$1.40B,$0.06B,4.35%,$1.40B,$0.30B,21.11%,$1.40B,$0.04B,2.64%,$1.40B,$0.03B,2.21%,$0.03B,$1.10B,2.92%,$0.03B,$0.94B,3.45%,$0.03B,$2.25B,1.42%,$0.06B,$1.96B,3.22%,$353,$241,$113,$21,$73,$340,$14,$-6,$8,$3,$5,$5,$5,$75,$14,$48,49,$0.10,$0.10,$46,$123,$0,$584,$427,$0,$158,$277,$1662,$2246,$252,$859,$37,$896,$1149,$0,$260,$0,$1097,$2246,$7,$118,$48,$166,$-41,$-4,$-4,$-7,$-66,$107,$-138,$-32,$-4,$0,$0,$0,$0,$-174,$52,$0,$52,$10,$10,$0,$-2,$60,$-6,$22,$0
13,2015-06-30,60.26,$22.39,2.69,$29.09,2.07,$-0.93,0.0,$1.02,59.08,$0.57B,$0.23B,2.51,$0.86B,$1.08B,0.8,$1.41B,$0.44B,31.11%,$1.41B,$0.09B,6.61%,$1.41B,$0.09B,6.61%,$1.41B,$0.32B,22.87%,$1.41B,$0.07B,4.76%,$1.41B,$0.05B,3.55%,$0.05B,$1.08B,4.83%,$0.05B,$0.91B,5.73%,$0.05B,$2.20B,2.34%,$0.09B,$1.94B,5.06%,$344,$243,$101,$16,$71,$335,$9,$-6,$4,$1,$3,$3,$3,$67,$9,$48,49,$0.05,$0.05,$42,$127,$0,$570,$415,$0,$163,$276,$1633,$2203,$227,$861,$39,$901,$1128,$0,$255,$1,$1075,$2203,$3,$57,$24,$81,$-30,$-3,$-3,$-6,$-66,$18,$-66,$-17,$-4,$0,$0,$0,$0,$-87,$55,$0,$55,$5,$5,$0,$-1,$59,$-10,$11,$0
14,2015-03-31,59.61,$21.88,2.72,$28.90,2.06,$-0.78,0.0,$0.84,70.96,$0.49B,$0.27B,1.83,$0.81B,$1.04B,0.77,$1.38B,$0.42B,30.30%,$1.38B,$0.08B,6.00%,$1.38B,$0.08B,6.00%,$1.38B,$0.31B,22.05%,$1.38B,$0.05B,3.83%,$1.38B,$0.04B,2.96%,$0.04B,$1.04B,4.06%,$0.04B,$0.88B,4.87%,$0.04B,$2.16B,1.96%,$0.08B,$1.85B,4.63%,$365,$251,$114,$13,$76,$345,$20,$-6,$14,$6,$7,$7,$8,$78,$20,$47,48,$0.17,$0.16,$52,$128,$0,$492,$418,$0,$160,$327,$1667,$2158,$268,$806,$40,$846,$1115,$0,$252,$0,$1044,$2158,$40,$221,$89,$310,$4,$-1,$1,$-24,$-0,$350,$-366,$-53,$-57,$0,$0,$0,$0,$-477,$119,$0,$119,$8,$8,$0,$-6,$121,$-6,$39,$0
15,2014-12-31,63.03,$21.50,2.93,$28.87,2.18,$-2.67,0.0,$0.60,105.05,$0.58B,$0.27B,2.14,$0.82B,$1.02B,0.8,$1.36B,$0.40B,29.22%,$1.36B,$0.06B,4.55%,$1.36B,$0.06B,4.55%,$1.36B,$0.28B,20.19%,$1.36B,$0.03B,2.13%,$1.36B,$0.03B,2.13%,$0.03B,$1.02B,2.94%,$0.03B,$0.86B,3.50%,$0.03B,$2.15B,1.42%,$0.06B,$1.84B,3.56%,$340,$234,$106,$12,$71,$321,$18,$-7,$11,$-3,$15,$15,$15,$76,$18,$47,48,$0.31,$0.31,$98,$129,$0,$577,$414,$0,$164,$269,$1576,$2153,$269,$819,$41,$860,$1129,$0,$244,$1,$1024,$2153,$32,$163,$64,$228,$3,$-3,$1,$-10,$11,$271,$-273,$-37,$-57,$0,$0,$0,$0,$-367,$130,$0,$130,$22,$22,$0,$-17,$135,$39,$28,$0
16,2014-09-30,55.12,$21.39,2.58,$29.10,1.89,$-5.03,0.0,$0.16,344.5,$0.53B,$0.25B,2.14,$0.72B,$1.00B,0.72,$1.36B,$0.38B,28.12%,$1.36B,$0.05B,3.39%,$1.36B,$0.05B,3.39%,$1.36B,$0.25B,18.23%,$1.36B,$0.01B,0.74%,$1.36B,$0.01B,0.59%,$0.01B,$1.00B,0.83%,$0.01B,$0.83B,0.98%,$0.01B,$2.02B,0.40%,$0.05B,$1.73B,2.74%,$359,$242,$117,$12,$54,$312,$46,$-8,$38,$14,$24,$24,$24,$101,$46,$47,48,$0.51,$0.50,$42,$127,$0,$526,$411,$0,$169,$255,$1489,$2015,$245,$724,$44,$768,$1013,$0,$230,$2,$1002,$2015,$18,$106,$50,$156,$-7,$-7,$-2,$2,$-15,$158,$-138,$-24,$-57,$0,$0,$0,$0,$-218,$35,$0,$35,$10,$10,$0,$-2,$43,$-16,$18,$0
17,2014-06-30,57.96,$20.72,2.8,$29.14,1.99,$-6.70,0.0,$-0.30,0.0,$0.54B,$0.25B,2.14,$0.79B,$0.97B,0.82,$1.35B,$0.36B,26.37%,$1.35B,$-0.00B,-0.07%,$1.35B,$-0.00B,-0.07%,$1.35B,$0.19B,14.30%,$1.35B,$-0.04B,-2.81%,$1.35B,$-0.01B,-1.04%,$-0.01B,$0.97B,-1.47%,$-0.01B,$0.79B,-1.72%,$-0.01B,$2.06B,-0.71%,$-0.00B,$1.76B,-0.06%,$319,$238,$82,$10,$69,$321,$-1,$-9,$-10,$-3,$-6,$-6,$-6,$50,$-1,$47,47,$-0.13,$-0.13,$58,$129,$0,$541,$415,$0,$174,$268,$1515,$2056,$253,$789,$46,$836,$1089,$0,$206,$3,$968,$2056,$-6,$52,$16,$68,$-6,$-8,$-1,$2,$-15,$47,$-86,$-12,$-57,$0,$0,$0,$0,$-154,$100,$0,$100,$8,$8,$0,$-1,$107,$-0,$9,$0
18,2014-03-31,69.04,$20.48,3.37,$29.40,2.35,$-6.29,0.0,$-0.21,0.0,$0.53B,$0.28B,1.93,$0.69B,$0.95B,0.73,$1.35B,$0.36B,26.63%,$1.35B,$0.00B,0.22%,$1.35B,$0.00B,0.22%,$1.35B,$0.19B,13.98%,$1.35B,$-0.04B,-2.59%,$1.35B,$-0.01B,-0.74%,$-0.01B,$0.95B,-1.06%,$-0.01B,$0.83B,-1.23%,$-0.01B,$1.96B,-0.52%,$0.00B,$1.64B,0.19%,$344,$251,$93,$17,$74,$345,$-1,$-9,$-10,$-6,$-3,$-3,$-4,$48,$-1,$46,46,$-0.08,$-0.08,$58,$120,$0,$532,$422,$0,$119,$257,$1428,$1960,$275,$690,$49,$739,$1013,$0,$212,$2,$947,$1960,$-9,$185,$46,$231,$-9,$-11,$-7,$-7,$-18,$205,$-308,$-44,$-2,$0,$0,$0,$0,$-354,$105,$0,$105,$3,$3,$0,$-6,$102,$-47,$34,$0
19,2013-12-31,62.65,$20.35,3.08,$28.90,2.17,$-5.98,0.0,$-0.09,0.0,$0.52B,$0.27B,1.93,$0.67B,$0.94B,0.71,$1.32B,$0.34B,26.04%,$1.32B,$-0.00B,-0.23%,$1.32B,$-0.00B,-0.23%,$1.32B,$0.17B,13.21%,$1.32B,$-0.04B,-3.19%,$1.32B,$-0.00B,-0.30%,$-0.00B,$0.94B,-0.43%,$-0.00B,$0.82B,-0.50%,$-0.00B,$1.93B,-0.21%,$-0.00B,$1.61B,-0.19%,$333,$243,$89,$15,$69,$331,$2,$-9,$-8,$-2,$-6,$-6,$-6,$48,$2,$46,46,$-0.13,$-0.13,$41,$126,$0,$520,$422,$0,$122,$256,$1410,$1929,$270,$670,$52,$722,$991,$0,$215,$2,$938,$1929,$-5,$136,$33,$169,$-19,$-16,$11,$-6,$-29,$135,$-245,$-33,$-2,$0,$0,$0,$0,$-280,$85,$0,$85,$1,$1,$0,$-5,$81,$-64,$24,$0
20,2013-09-30,63.64,$20.71,3.07,$28.15,2.26,$-5.19,0.0,$-0.43,0.0,$0.53B,$0.28B,1.87,$0.62B,$0.94B,0.66,$1.27B,$0.33B,25.91%,$1.27B,$-0.00B,-0.31%,$1.27B,$-0.00B,-0.31%,$1.27B,$0.17B,13.23%,$1.27B,$-0.07B,-5.51%,$1.27B,$-0.02B,-1.50%,$-0.02B,$0.94B,-2.07%,$-0.02B,$0.82B,-2.41%,$-0.02B,$1.90B,-1.04%,$-0.00B,$1.57B,-0.26%,$354,$262,$92,$15,$74,$354,$-1,$-10,$-10,$-13,$2,$2,$2,$47,$-1,$45,47,$0.04,$0.04,$67,$128,$0,$531,$418,$0,$126,$242,$1369,$1900,$283,$620,$52,$672,$955,$0,$221,$2,$944,$1900,$1,$89,$14,$104,$-8,$-18,$21,$3,$-2,$103,$-161,$-22,$-2,$0,$0,$0,$0,$-185,$35,$0,$35,$10,$10,$0,$-2,$43,$-39,$16,$0
21,2013-06-30,71.46,$20.47,3.49,$27.11,2.64,$-4.70,0.0,$-0.65,0.0,$0.53B,$0.27B,1.97,$0.59B,$0.93B,0.63,$1.20B,$0.30B,25.27%,$1.20B,$-0.00B,-0.33%,$1.20B,$-0.00B,-0.33%,$1.20B,$0.16B,13.34%,$1.20B,$-0.07B,-6.01%,$1.20B,$-0.03B,-2.42%,$-0.03B,$0.93B,-3.20%,$-0.03B,$0.80B,-3.75%,$-0.03B,$1.84B,-1.63%,$-0.00B,$1.52B,-0.27%,$321,$235,$86,$14,$65,$318,$3,$-10,$-7,$-5,$-1,$-1,$-2,$46,$3,$45,45,$-0.04,$-0.04,$80,$126,$0,$530,$399,$0,$129,$220,$1307,$1837,$269,$586,$53,$639,$907,$0,$219,$1,$930,$1837,$-1,$42,$9,$51,$5,$-14,$19,$2,$4,$54,$-73,$-12,$-2,$0,$0,$0,$0,$-87,$0,$0,$0,$8,$8,$0,$-1,$7,$-26,$7,$0
22,2013-03-31,48.44,$20.62,2.35,$25.59,1.89,$-5.11,0.0,$-0.94,0.0,$0.55B,$0.25B,2.21,$0.59B,$0.91B,0.65,$1.12B,$0.27B,24.20%,$1.12B,$-0.02B,-1.88%,$1.12B,$-0.02B,-1.88%,$1.12B,$0.14B,12.23%,$1.12B,$-0.09B,-8.04%,$1.12B,$-0.04B,-3.66%,$-0.04B,$0.91B,-4.57%,$-0.04B,$0.78B,-5.39%,$-0.04B,$1.79B,-2.34%,$-0.02B,$1.49B,-1.43%,$309,$232,$76,$12,$68,$316,$-7,$-10,$-17,$-19,$2,$2,$2,$33,$-7,$44,44,$0.04,$0.04,$106,$106,$0,$545,$379,$0,$130,$205,$1249,$1794,$247,$586,$53,$639,$886,$0,$221,$1,$908,$1794,$-41,$157,$7,$164,$-57,$21,$5,$-9,$-31,$92,$-176,$-25,$0,$0,$0,$0,$0,$-202,$28,$0,$28,$23,$23,$0,$-8,$43,$-67,$27,$0
23,2012-12-31,38.9,$19.99,1.95,$24.00,1.62,$-4.63,0.0,$-1.15,0.0,$0.53B,$0.22B,2.45,$0.59B,$0.89B,0.66,$1.05B,$0.25B,23.76%,$1.05B,$-0.02B,-1.90%,$1.05B,$-0.02B,-1.90%,$1.05B,$0.13B,12.74%,$1.05B,$-0.09B,-8.27%,$1.05B,$-0.05B,-4.75%,$-0.05B,$0.89B,-5.59%,$-0.05B,$0.75B,-6.64%,$-0.05B,$1.75B,-2.88%,$-0.02B,$1.47B,-1.38%,$286,$211,$75,$8,$62,$285,$1,$-37,$-36,$-15,$-21,$-21,$-21,$42,$1,$44,44,$-0.47,$-0.47,$113,$126,$0,$534,$348,$0,$135,$185,$1215,$1749,$218,$585,$58,$643,$861,$0,$219,$2,$888,$1749,$-43,$117,$13,$129,$-27,$1,$1,$-0,$-37,$49,$-120,$-19,$0,$0,$0,$0,$0,$-139,$28,$0,$28,$12,$12,$0,$-10,$30,$-60,$19,$0
24,2012-09-30,37.38,$20.54,1.82,$22.15,1.69,$-5.14,0.0,$-0.56,0.0,$0.56B,$0.24B,2.35,$0.55B,$0.90B,0.61,$0.97B,$0.23B,24.00%,$0.97B,$-0.02B,-1.96%,$0.97B,$-0.02B,-1.96%,$0.97B,$0.12B,12.67%,$0.97B,$-0.05B,-5.15%,$0.97B,$-0.02B,-2.47%,$-0.02B,$0.90B,-2.69%,$-0.02B,$0.76B,-3.20%,$-0.02B,$1.74B,-1.42%,$-0.02B,$1.45B,-1.34%,$283,$217,$66,$9,$54,$284,$-1,$-12,$-12,$-5,$-8,$-8,$-8,$39,$-1,$44,44,$-0.18,$-0.18,$136,$133,$0,$556,$326,$0,$139,$163,$1188,$1743,$236,$548,$57,$605,$842,$0,$240,$2,$902,$1743,$-22,$76,$4,$80,$-21,$-5,$5,$2,$-16,$42,$-75,$-12,$0,$0,$0,$0,$0,$-87,$0,$0,$0,$12,$12,$0,$-3,$8,$-36,$12,$0
25,2012-06-30,37.77,$20.53,1.84,$20.74,1.82,$-6.89,0.0,$-0.20,0.0,$0.54B,$0.23B,2.41,$0.55B,$0.89B,0.61,$0.91B,$0.23B,25.03%,$0.91B,$-0.01B,-1.43%,$0.91B,$-0.01B,-1.43%,$0.91B,$0.12B,12.95%,$0.91B,$-0.03B,-3.62%,$0.91B,$-0.01B,-0.88%,$-0.01B,$0.89B,-0.90%,$-0.01B,$0.75B,-1.08%,$-0.01B,$1.72B,-0.49%,$-0.01B,$1.44B,-0.94%,$242,$188,$54,$7,$57,$256,$-14,$-11,$-25,$-11,$-14,$-14,$-14,$23,$-14,$43,43,$-0.33,$-0.33,$130,$138,$0,$542,$310,$0,$142,$155,$1179,$1722,$225,$548,$55,$603,$828,$0,$248,$1,$893,$1722,$-14,$37,$-1,$35,$-11,$-10,$2,$3,$-20,$1,$-37,$-6,$0,$0,$0,$0,$0,$-43,$0,$0,$0,$3,$3,$0,$-3,$-0,$-43,$7,$0
26,2012-03-31,48.21,$20.59,2.34,$19.60,2.46,$-6.69,0.0,$0.17,283.59,$0.56B,$0.24B,2.39,$0.55B,$0.89B,0.62,$0.86B,$0.23B,26.39%,$0.86B,$0.00B,0.23%,$0.86B,$0.00B,0.23%,$0.86B,$0.13B,14.70%,$0.86B,$-0.01B,-0.81%,$0.86B,$0.01B,0.93%,$0.01B,$0.89B,0.91%,$0.01B,$0.75B,1.10%,$0.01B,$1.73B,0.51%,$0.00B,$1.44B,0.15%,$241,$185,$55,$6,$50,$246,$-6,$-8,$-14,$-6,$-7,$-7,$-7,$30,$-6,$42,44,$-0.17,$-0.17,$173,$128,$0,$563,$295,$0,$147,$137,$1164,$1727,$236,$549,$50,$599,$835,$0,$262,$1,$892,$1727,$8,$126,$16,$141,$-21,$-25,$8,$-2,$-7,$141,$-205,$-24,$0,$0,$0,$0,$0,$-229,$215,$0,$215,$12,$12,$0,$-7,$220,$132,$21,$0
27,2011-12-31,46.12,$20.73,2.22,$19.19,2.4,$-6.15,0.0,$0.62,74.39,$0.43B,$0.20B,2.11,$0.44B,$0.89B,0.5,$0.84B,$0.24B,28.61%,$0.84B,$0.02B,2.38%,$0.84B,$0.02B,2.38%,$0.84B,$0.14B,16.09%,$0.84B,$0.02B,2.26%,$0.84B,$0.03B,3.22%,$0.03B,$0.89B,3.12%,$0.03B,$0.74B,3.81%,$0.03B,$1.58B,1.82%,$0.02B,$1.33B,1.59%,$205,$147,$58,$6,$46,$203,$2,$-0,$1,$-4,$5,$5,$5,$31,$2,$42,44,$0.12,$0.12,$46,$130,$0,$430,$276,$0,$150,$127,$1150,$1580,$203,$444,$45,$489,$692,$0,$270,$1,$887,$1580,$15,$89,$12,$101,$7,$-28,$-7,$-12,$-51,$65,$-159,$-17,$0,$0,$0,$0,$0,$-176,$-1,$110,$109,$7,$7,$0,$0,$117,$5,$15,$0
28,2011-09-30,33.31,$20.69,1.61,$19.09,1.75,$-4.68,0.0,$0.80,41.64,$0.42B,$0.18B,2.28,$0.44B,$0.87B,0.51,$0.83B,$0.24B,29.04%,$0.83B,$0.03B,3.01%,$0.83B,$0.03B,3.01%,$0.83B,$0.14B,16.51%,$0.83B,$0.03B,3.01%,$0.83B,$0.04B,4.22%,$0.04B,$0.87B,4.12%,$0.04B,$0.72B,5.09%,$0.04B,$1.53B,2.46%,$0.03B,$1.32B,2.06%,$223,$162,$61,$7,$44,$218,$5,$-0,$5,$-3,$8,$8,$8,$34,$5,$42,44,$0.19,$0.18,$36,$122,$0,$420,$264,$0,$155,$116,$1106,$1526,$184,$444,$24,$468,$653,$0,$264,$1,$873,$1526,$10,$60,$9,$69,$-7,$-21,$-6,$-14,$-55,$24,$-133,$-8,$0,$0,$0,$0,$0,$-142,$-0,$110,$110,$4,$4,$0,$0,$113,$-4,$9,$0
29,2011-06-30,43.27,$20.42,2.12,$18.64,2.32,$-2.50,0.0,$0.80,54.09,$0.37B,$0.18B,2.05,$0.35B,$0.86B,0.41,$0.81B,$0.25B,30.81%,$0.81B,$0.03B,4.10%,$0.81B,$0.03B,4.10%,$0.81B,$0.14B,17.64%,$0.81B,$0.03B,3.98%,$0.81B,$0.04B,4.35%,$0.04B,$0.86B,4.21%,$0.04B,$0.70B,5.26%,$0.04B,$1.41B,2.54%,$0.03B,$1.21B,2.84%,$195,$142,$54,$6,$42,$194,$1,$0,$1,$-0,$2,$2,$2,$32,$1,$42,44,$0.04,$0.04,$26,$124,$0,$370,$243,$0,$161,$107,$1044,$1414,$181,$349,$25,$374,$555,$0,$256,$2,$860,$1414,$2,$30,$6,$36,$15,$-23,$-4,$-2,$-29,$9,$-37,$-4,$0,$0,$0,$0,$0,$-41,$0,$15,$15,$2,$2,$0,$0,$17,$-14,$4,$0
30,2011-03-31,39.84,$20.26,1.97,$18.74,2.13,$-1.93,0.0,$0.84,47.43,$0.37B,$0.20B,1.82,$0.33B,$0.84B,0.4,$0.80B,$0.25B,31.42%,$0.80B,$0.04B,4.86%,$0.80B,$0.04B,4.86%,$0.80B,$0.14B,17.71%,$0.80B,$0.04B,4.49%,$0.80B,$0.04B,4.49%,$0.04B,$0.84B,4.44%,$0.04B,$0.68B,5.59%,$0.04B,$1.41B,2.68%,$0.04B,$1.18B,3.45%,$216,$150,$67,$7,$43,$205,$12,$0,$12,$-0,$12,$12,$12,$38,$12,$41,43,$0.30,$0.28,$40,$99,$0,$371,$233,$0,$165,$103,$1035,$1406,$203,$334,$24,$358,$562,$0,$255,$2,$844,$1406,$36,$103,$21,$124,$-14,$-14,$7,$-2,$9,$170,$-208,$-16,$-13,$0,$0,$0,$0,$-238,$0,$0,$0,$21,$21,$0,$-2,$19,$-49,$17,$0
31,2010-12-31,44.41,$19.82,2.24,$19.81,2.24,$-1.66,0.0,$0.83,53.51,$0.36B,$0.18B,2.02,$0.32B,$0.82B,0.39,$0.80B,$0.26B,32.04%,$0.80B,$0.05B,5.63%,$0.80B,$0.05B,5.63%,$0.80B,$0.15B,18.40%,$0.80B,$0.04B,4.63%,$0.80B,$0.03B,4.26%,$0.03B,$0.82B,4.31%,$0.03B,$0.66B,5.47%,$0.03B,$1.36B,2.59%,$0.05B,$1.15B,4.06%,$196,$137,$59,$7,$40,$189,$7,$-0,$7,$-6,$13,$13,$13,$33,$7,$41,43,$0.31,$0.30,$45,$96,$0,$360,$202,$0,$169,$93,$996,$1356,$178,$324,$30,$354,$532,$0,$243,$2,$823,$1356,$24,$77,$19,$95,$2,$-11,$-6,$2,$4,$123,$-152,$-12,$-13,$0,$0,$0,$0,$-177,$0,$-10,$-10,$19,$19,$0,$0,$9,$-44,$13,$0
32,2010-09-30,41.11,$19.36,2.12,$19.80,2.08,$-1.80,0.0,$0.62,66.31,$0.36B,$0.18B,1.95,$0.32B,$0.80B,0.4,$0.76B,$0.24B,32.02%,$0.76B,$0.04B,5.27%,$0.76B,$0.04B,5.27%,$0.76B,$0.13B,16.47%,$0.76B,$0.03B,3.95%,$0.76B,$0.02B,3.16%,$0.02B,$0.80B,3.23%,$0.02B,$0.63B,4.16%,$0.02B,$1.33B,1.86%,$0.04B,$1.12B,3.69%,$198,$130,$68,$8,$42,$185,$13,$-1,$12,$4,$8,$8,$8,$39,$13,$41,43,$0.19,$0.18,$54,$88,$0,$355,$189,$0,$175,$84,$979,$1334,$182,$319,$30,$349,$532,$0,$230,$2,$802,$1334,$11,$51,$18,$69,$6,$-4,$-2,$6,$16,$96,$-110,$-8,$-13,$0,$0,$0,$0,$-131,$0,$-15,$-15,$14,$14,$0,$0,$-1,$-36,$8,$0
33,2010-06-30,32.56,$18.97,1.72,$20.03,1.63,$-3.15,0.0,$0.72,45.22,$0.35B,$0.17B,2.03,$0.30B,$0.77B,0.39,$0.72B,$0.22B,31.02%,$0.72B,$0.04B,5.40%,$0.72B,$0.04B,5.40%,$0.72B,$0.10B,14.40%,$0.72B,$0.03B,4.16%,$0.72B,$0.03B,3.46%,$0.03B,$0.77B,3.75%,$0.03B,$0.61B,4.77%,$0.03B,$1.27B,2.19%,$0.04B,$1.08B,4.11%,$192,$134,$58,$7,$39,$185,$7,$-2,$5,$2,$3,$3,$3,$32,$7,$40,42,$0.08,$0.08,$57,$88,$0,$347,$164,$0,$160,$85,$925,$1272,$171,$302,$25,$327,$498,$0,$222,$0,$773,$1272,$3,$25,$7,$32,$14,$-6,$-7,$5,$3,$39,$-41,$-4,$0,$0,$0,$0,$0,$-45,$0,$-30,$-30,$4,$4,$0,$0,$-26,$-32,$4,$0
34,2010-03-31,34.61,$19.02,1.82,$20.32,1.7,$-4.21,0.0,$0.89,38.89,$0.40B,$0.18B,2.19,$0.33B,$0.76B,0.44,$0.69B,$0.21B,30.96%,$0.69B,$0.04B,6.25%,$0.69B,$0.04B,6.25%,$0.69B,$0.09B,13.08%,$0.69B,$0.04B,5.23%,$0.69B,$0.03B,4.36%,$0.03B,$0.76B,5.05%,$0.03B,$0.59B,6.37%,$0.03B,$1.29B,3.01%,$0.04B,$1.09B,5.24%,$213,$142,$71,$6,$43,$195,$18,$-5,$13,$3,$10,$10,$10,$43,$18,$33,35,$0.28,$0.27,$90,$83,$0,$395,$156,$0,$164,$82,$898,$1294,$181,$332,$24,$356,$537,$0,$219,$0,$757,$1294,$31,$47,$20,$66,$-1,$-9,$3,$2,$15,$113,$-135,$-14,$-378,$0,$0,$0,$7,$-519,$272,$60,$332,$113,$113,$0,$-13,$432,$26,$12,$0
35,2009-12-31,31.78,$17.58,1.81,$19.40,1.64,$-5.32,0.0,$1.00,31.78,$0.40B,$0.17B,2.36,$0.41B,$0.64B,0.64,$0.64B,$0.19B,29.64%,$0.64B,$0.04B,6.08%,$0.64B,$0.04B,6.08%,$0.64B,$0.07B,10.61%,$0.64B,$0.04B,5.77%,$0.64B,$0.03B,4.99%,$0.03B,$0.64B,6.14%,$0.03B,$0.48B,7.65%,$0.03B,$1.25B,3.86%,$0.04B,$1.06B,5.87%,$156,$110,$46,$8,$34,$155,$2,$-2,$0,$-3,$3,$3,$3,$11,$2,$33,35,$0.10,$0.09,$69,$80,$0,$395,$612,$0,$168,$79,$859,$1254,$167,$412,$31,$443,$610,$0,$208,$1,$644,$1254,$20,$22,$3,$25,$-10,$-7,$8,$5,$12,$58,$-85,$-10,$-378,$0,$0,$0,$5,$-468,$272,$140,$412,$12,$12,$0,$-10,$414,$4,$8,$0
36,2009-09-30,26.58,$15.57,1.71,$19.65,1.35,$-6.39,0.0,$1.25,21.26,$0.41B,$0.14B,2.93,$0.08B,$0.50B,0.16,$0.64B,$0.19B,29.76%,$0.64B,$0.05B,7.72%,$0.64B,$0.05B,7.72%,$0.64B,$0.08B,11.97%,$0.64B,$0.05B,7.72%,$0.64B,$0.04B,6.30%,$0.04B,$0.50B,8.50%,$0.04B,$0.42B,10.29%,$0.04B,$0.74B,6.04%,$0.05B,$0.58B,9.60%,$161,$112,$49,$7,$29,$149,$12,$-0,$12,$3,$9,$9,$9,$18,$12,$32,33,$0.29,$0.28,$84,$67,$0,$408,$215,$0,$79,$37,$331,$739,$139,$80,$24,$104,$244,$0,$205,$0,$495,$739,$17,$13,$5,$18,$-43,$-2,$-3,$0,$-34,$1,$-56,$-6,$0,$0,$0,$0,$0,$-62,$0,$80,$80,$3,$3,$0,$-2,$81,$20,$5,$0
37,2009-06-30,25.64,$15.20,1.69,$19.74,1.3,$-5.73,0.0,$1.26,20.35,$0.40B,$0.12B,3.45,$0.08B,$0.48B,0.17,$0.63B,$0.18B,29.07%,$0.63B,$0.05B,7.27%,$0.63B,$0.05B,7.27%,$0.63B,$0.08B,11.85%,$0.63B,$0.05B,7.42%,$0.63B,$0.04B,6.32%,$0.04B,$0.48B,8.82%,$0.04B,$0.40B,10.81%,$0.04B,$0.70B,6.47%,$0.05B,$0.56B,9.71%,$158,$112,$47,$7,$27,$147,$11,$-0,$11,$3,$8,$8,$8,$18,$11,$31,33,$0.27,$0.25,$104,$68,$0,$402,$187,$0,$81,$34,$302,$703,$117,$80,$25,$105,$221,$0,$196,$0,$482,$703,$8,$6,$2,$9,$-20,$-2,$-2,$3,$-22,$-5,$-32,$-3,$0,$0,$0,$0,$0,$-35,$0,$80,$80,$2,$2,$0,$-2,$80,$41,$3,$0
38,2009-03-31,20.82,$14.91,1.4,$19.73,1.06,$-5.00,0.0,$1.21,17.21,$0.34B,$0.14B,2.5,$0.00B,$0.46B,0.0,$0.63B,$0.18B,28.98%,$0.63B,$0.04B,7.01%,$0.63B,$0.04B,7.01%,$0.63B,$0.07B,11.62%,$0.63B,$0.05B,7.32%,$0.63B,$0.04B,6.05%,$0.04B,$0.46B,8.70%,$0.04B,$0.38B,10.83%,$0.04B,$0.62B,6.57%,$0.04B,$0.46B,10.07%,$166,$118,$48,$6,$26,$151,$14,$-0,$14,$2,$12,$12,$12,$21,$14,$31,32,$0.39,$0.37,$63,$66,$0,$339,$60,$0,$82,$32,$284,$623,$135,$0,$25,$25,$160,$0,$187,$-0,$463,$623,$38,$29,$5,$34,$-9,$-5,$2,$-0,$-10,$62,$-117,$-8,$-1,$0,$0,$0,$0,$-126,$-5,$0,$-5,$8,$8,$0,$0,$3,$-62,$10,$0
39,2008-12-31,24.08,$14.26,1.69,$19.12,1.26,$-2.48,0.0,$1.16,20.76,$0.33B,$0.12B,2.77,$0.00B,$0.44B,0.0,$0.61B,$0.18B,28.74%,$0.61B,$0.04B,7.06%,$0.61B,$0.04B,7.06%,$0.61B,$0.07B,11.82%,$0.61B,$0.05B,7.55%,$0.61B,$0.04B,6.08%,$0.04B,$0.44B,8.77%,$0.04B,$0.36B,11.09%,$0.04B,$0.59B,6.61%,$0.04B,$0.44B,10.19%,$150,$106,$45,$7,$24,$139,$12,$-0,$12,$1,$11,$11,$11,$19,$12,$31,32,$0.35,$0.34,$64,$62,$0,$332,$146,$0,$85,$22,$252,$585,$120,$0,$19,$23,$143,$0,$175,$-1,$442,$585,$26,$22,$5,$27,$-11,$-2,$-3,$-3,$-22,$31,$-91,$-2,$-1,$0,$0,$0,$0,$-94,$-5,$0,$-5,$6,$6,$0,$0,$2,$-61,$8,$0
40,2008-09-30,23.58,$13.90,1.7,$19.06,1.24,$0.39,60.08,$1.14,20.68,$0.34B,$0.11B,3.06,$0.00B,$0.43B,0.0,$0.61B,$0.18B,28.81%,$0.61B,$0.05B,7.36%,$0.61B,$0.05B,7.36%,$0.61B,$0.08B,12.27%,$0.61B,$0.05B,8.18%,$0.61B,$0.04B,5.89%,$0.04B,$0.43B,8.80%,$0.04B,$0.34B,11.32%,$0.04B,$0.56B,6.55%,$0.05B,$0.43B,11.00%,$159,$116,$44,$7,$25,$150,$9,$0,$10,$1,$9,$9,$9,$17,$9,$31,32,$0.30,$0.29,$91,$60,$0,$344,$112,$0,$87,$20,$219,$563,$113,$0,$19,$22,$135,$0,$165,$-0,$428,$563,$16,$15,$4,$19,$-2,$0,$-3,$1,$-16,$18,$-51,$-1,$-1,$0,$0,$0,$0,$-53,$-5,$0,$-5,$5,$5,$0,$0,$1,$-34,$5,$0
41,2008-06-30,20.21,$13.53,1.49,$18.65,1.08,$2.27,8.89,$1.12,18.04,$0.35B,$0.10B,3.38,$0.00B,$0.41B,0.0,$0.60B,$0.17B,29.05%,$0.60B,$0.05B,7.85%,$0.60B,$0.05B,7.85%,$0.60B,$0.08B,12.69%,$0.60B,$0.05B,8.68%,$0.60B,$0.04B,6.01%,$0.04B,$0.41B,9.09%,$0.04B,$0.33B,11.90%,$0.04B,$0.54B,6.71%,$0.05B,$0.41B,11.86%,$153,$108,$45,$10,$24,$144,$9,$1,$10,$3,$6,$6,$6,$16,$9,$31,32,$0.21,$0.20,$111,$58,$0,$353,$81,$0,$90,$18,$188,$541,$104,$0,$18,$22,$126,$0,$155,$0,$414,$541,$6,$7,$3,$11,$3,$3,$-10,$4,$-17,$0,$-13,$0,$0,$0,$0,$0,$0,$-13,$-5,$0,$-5,$3,$3,$0,$0,$-2,$-14,$2,$0
42,2008-03-31,21.72,$13.26,1.64,$17.80,1.22,$3.13,6.94,$1.05,20.69,$0.38B,$0.13B,2.95,$0.00B,$0.40B,0.0,$0.58B,$0.16B,28.00%,$0.58B,$0.04B,7.48%,$0.58B,$0.04B,7.48%,$0.58B,$0.07B,12.35%,$0.58B,$0.05B,8.35%,$0.58B,$0.03B,5.91%,$0.03B,$0.40B,8.86%,$0.03B,$0.31B,11.81%,$0.03B,$0.55B,6.49%,$0.04B,$0.40B,11.21%,$147,$107,$41,$8,$17,$135,$13,$1,$14,$4,$11,$12,$11,$20,$13,$30,32,$0.35,$0.32,$125,$60,$0,$376,$65,$0,$92,$19,$175,$551,$127,$0,$17,$20,$147,$0,$149,$0,$404,$551,$35,$28,$8,$36,$-16,$-14,$1,$-2,$-22,$48,$-23,$-3,$-10,$0,$0,$0,$0,$-35,$0,$0,$0,$7,$7,$0,$1,$8,$22,$7,$0
43,2007-12-31,34.43,$12.84,2.68,$17.50,1.97,$4.00,8.61,$0.99,34.78,$0.37B,$0.13B,2.8,$0.00B,$0.39B,0.0,$0.56B,$0.16B,28.21%,$0.56B,$0.04B,7.14%,$0.56B,$0.04B,7.14%,$0.56B,$0.07B,11.96%,$0.56B,$0.04B,7.86%,$0.56B,$0.03B,5.71%,$0.03B,$0.39B,8.65%,$0.03B,$0.29B,11.75%,$0.03B,$0.54B,6.31%,$0.04B,$0.39B,10.81%,$152,$106,$46,$8,$21,$138,$14,$1,$16,$5,$11,$10,$10,$22,$14,$30,32,$0.34,$0.32,$133,$56,$0,$373,$54,$0,$96,$20,$170,$543,$133,$0,$17,$20,$153,$0,$139,$0,$390,$543,$23,$21,$8,$29,$-7,$-10,$7,$-8,$-6,$46,$-14,$0,$-10,$-12,$0,$-12,$0,$-35,$0,$0,$0,$6,$6,$0,$1,$7,$18,$6,$0
44,2007-09-30,30.83,$12.48,2.47,$16.85,1.83,$3.98,7.75,$0.98,31.46,$0.34B,$0.11B,2.97,$0.00B,$0.38B,0.0,$0.53B,$0.15B,27.44%,$0.53B,$0.03B,6.39%,$0.53B,$0.03B,6.39%,$0.53B,$0.06B,11.28%,$0.53B,$0.04B,6.95%,$0.53B,$0.03B,6.02%,$0.03B,$0.38B,9.10%,$0.03B,$0.28B,12.32%,$0.03B,$0.51B,6.64%,$0.03B,$0.38B,9.67%,$147,$105,$42,$8,$20,$136,$11,$1,$12,$3,$9,$9,$9,$18,$11,$30,32,$0.28,$0.27,$128,$47,$0,$335,$55,$0,$98,$24,$177,$512,$113,$0,$20,$22,$135,$0,$128,$0,$377,$512,$13,$14,$4,$18,$7,$-1,$8,$-2,$7,$38,$-9,$0,$-10,$0,$0,$0,$0,$-19,$0,$0,$0,$5,$5,$0,$1,$6,$25,$4,$0
45,2007-06-30,32.1,$12.09,2.66,$16.61,1.93,$3.28,9.78,$0.92,34.89,$0.31B,$0.10B,3.01,$0.00B,$0.36B,0.0,$0.52B,$0.14B,26.69%,$0.52B,$0.03B,6.38%,$0.52B,$0.03B,6.38%,$0.52B,$0.06B,11.41%,$0.52B,$0.04B,6.77%,$0.52B,$0.03B,5.80%,$0.03B,$0.36B,9.04%,$0.03B,$0.27B,12.18%,$0.03B,$0.49B,6.55%,$0.03B,$0.36B,9.94%,$129,$96,$32,$7,$18,$124,$5,$1,$6,$2,$4,$4,$4,$11,$5,$30,32,$0.14,$0.13,$113,$44,$0,$313,$54,$0,$97,$26,$178,$490,$104,$0,$21,$22,$126,$0,$120,$0,$364,$490,$4,$7,$2,$8,$9,$3,$-4,$-0,$3,$16,$-1,$0,$-9,$0,$0,$0,$0,$-10,$0,$0,$0,$4,$4,$0,$0,$4,$10,$2,$0
46,2007-03-31,32.97,$11.73,2.81,$16.95,1.94,$3.02,10.93,$0.99,33.3,$0.31B,$0.12B,2.55,$0.00B,$0.35B,0.0,$0.52B,$0.14B,26.50%,$0.52B,$0.04B,6.96%,$0.52B,$0.04B,6.96%,$0.52B,$0.06B,11.99%,$0.52B,$0.04B,7.16%,$0.52B,$0.03B,6.00%,$0.03B,$0.35B,9.88%,$0.03B,$0.25B,13.30%,$0.03B,$0.48B,7.09%,$0.04B,$0.35B,11.47%,$132,$94,$38,$6,$20,$122,$10,$1,$10,$2,$9,$9,$9,$16,$10,$29,31,$0.30,$0.28,$103,$46,$0,$308,$51,$0,$100,$25,$176,$484,$121,$0,$13,$14,$135,$0,$116,$0,$349,$484,$30,$27,$-6,$20,$5,$5,$-12,$-8,$16,$67,$-15,$0,$-8,$0,$0,$0,$0,$-23,$5,$0,$5,$14,$14,$0,$3,$23,$67,$5,$0
47,2006-12-31,29.81,$10.96,2.72,$16.77,1.78,$2.34,12.72,$0.92,32.4,$0.30B,$0.11B,2.62,$0.00B,$0.32B,0.0,$0.50B,$0.13B,25.65%,$0.50B,$0.03B,6.56%,$0.50B,$0.03B,6.56%,$0.50B,$0.06B,11.73%,$0.50B,$0.03B,6.76%,$0.50B,$0.03B,5.57%,$0.03B,$0.32B,9.58%,$0.03B,$0.24B,12.53%,$0.03B,$0.44B,6.88%,$0.03B,$0.32B,11.29%,$124,$90,$34,$6,$18,$116,$8,$0,$9,$-1,$10,$10,$10,$15,$8,$29,31,$0.34,$0.31,$77,$51,$0,$300,$49,$0,$72,$22,$143,$443,$114,$0,$11,$12,$127,$0,$107,$0,$316,$443,$22,$20,$-0,$20,$-6,$0,$-7,$-4,$1,$42,$-12,$0,$-0,$0,$0,$0,$0,$-12,$0,$0,$0,$9,$9,$0,$1,$10,$40,$4,$0
