,Date,Stock Price,Book Value per Share,Price to Book Ratio,TTM Sales per Share,Price to Sales Ratio,TTM FCF per Share,Price to FCF Ratio,TTM Net EPS,PE Ratio,Current Assets,Current Liabilities,Current Ratio,Long Term Debt,Shareholder's Equity_x,Debt to Equity Ratio,TTM Revenue_x,TTM Gross Profit,Gross Margin,TTM Revenue_y,TTM Operating Income,Operating Margin,TTM Revenue_x,TTM EBIT,EBIT Margin,TTM Revenue_y,TTM EBITDA,EBITDA Margin,TTM Revenue_x,TTM Pre-Tax Income,Pre-Tax Margin,TTM Revenue_y,TTM Net Income_x,Net Margin,TTM Net Income_y,Shareholder's Equity_y,Return on Equity,TTM Net Income_x,Tangible Equity,Return on Tangible Equity,TTM Net Income_y,Total Assets,Return on Assets,TTM Net Income,LT Investments & Debt,Return on Investment,revenue,cost-goods-sold,gross-profit,research-development-expenses,selling-general-administrative-expenses,operating-expenses,operating-income,total-non-operating-income-expense,pre-tax-income,total-provision-income-taxes,income-after-taxes,income-from-continuous-operations,net-income,ebitda,ebit,basic-shares-outstanding,shares-outstanding,eps-basic-net-earnings-per-share,eps-earnings-per-share-diluted,cash-on-hand,inventory,other-current-assets,total-current-assets,net-property-plant-equipment,long-term-investments,goodwill-intangible-assets-total,other-long-term-assets,total-long-term-assets,total-assets,total-current-liabilities,long-term-debt,other-non-current-liabilities,total-long-term-liabilities,total-liabilities,common-stock-net,retained-earnings-accumulated-deficit,comprehensive-income,total-share-holder-equity,total-liabilities-share-holders-equity,net-income-loss,total-depreciation-amortization-cash-flow,other-non-cash-items,total-non-cash-items,change-in-accounts-receivable,change-in-inventories,change-in-accounts-payable,change-in-assets-liabilities,total-change-in-assets-liabilities,cash-flow-from-operating-activities,net-change-in-property-plant-equipment,net-change-in-intangible-assets,net-acquisitions-divestitures,net-change-in-short-term-investments,net-change-in-long-term-investments,net-change-in-investments-total,investing-activities-other,cash-flow-from-investing-activities,net-long-term-debt,net-current-debt,debt-issuance-retirement-net-total,net-common-equity-issued-repurchased,net-total-equity-issued-repurchased,total-common-preferred-stock-dividends-paid,financial-activities-other,cash-flow-from-financial-activities,net-cash-flow,stock-based-compensation,common-stock-dividends-paid
0,2018-09-30,33.13,$29.46,1.12,$65.21,0.51,$5.07,6.53,$3.96,8.37,$0.27B,$0.10B,2.87,$0.19B,$0.32B,0.58,$0.71B,$0.07B,10.13%,$0.71B,$0.06B,7.74%,$0.71B,$0.06B,7.74%,$0.71B,$0.08B,11.11%,$0.71B,$0.05B,6.33%,$0.71B,$0.04B,6.05%,$0.04B,$0.32B,14.01%,$0.04B,$0.02B,1146.67%,$0.04B,$0.64B,6.78%,$0.06B,$0.51B,11.21%,$169,$150,$19,$0,$1,$153,$16,$-2,$13,$3,$10,$10,$10,$22,$16,$11,11,$0.92,$0.92,$1,$166,$14,$273,$51,$0,$298,$16,$364,$637,$95,$185,$0,$222,$317,$1,$293,$1,$321,$637,$26,$19,$-1,$18,$1,$-36,$0,$-1,$-40,$3,$-2,$0,$0,$0,$0,$0,$2,$-1,$-1,$3,$2,$0,$0,$-2,$-2,$-2,$0,$2,$-2
1,2018-06-30,47.7,$28.61,1.67,$65.80,0.72,$8.47,5.63,$3.65,13.07,$0.27B,$0.10B,2.7,$0.19B,$0.31B,0.62,$0.72B,$0.07B,9.64%,$0.72B,$0.05B,7.12%,$0.72B,$0.05B,7.12%,$0.72B,$0.08B,10.61%,$0.72B,$0.04B,5.87%,$0.72B,$0.04B,5.59%,$0.04B,$0.31B,13.51%,$0.04B,$0.01B,-363.64%,$0.04B,$0.64B,6.35%,$0.05B,$0.50B,10.68%,$170,$152,$19,$0,$1,$157,$14,$-2,$12,$3,$9,$9,$9,$20,$14,$11,11,$0.80,$0.80,$1,$164,$14,$271,$53,$0,$302,$15,$370,$641,$101,$192,$0,$229,$329,$1,$284,$1,$311,$641,$16,$13,$1,$14,$1,$-34,$0,$7,$-33,$-4,$-2,$0,$0,$0,$0,$0,$0,$-2,$-1,$10,$9,$0,$0,$-2,$-2,$5,$0,$2,$-2
2,2018-03-31,51.56,$27.88,1.85,$68.05,0.76,$10.64,4.85,$3.57,14.44,$0.26B,$0.12B,2.22,$0.17B,$0.30B,0.57,$0.74B,$0.07B,9.32%,$0.74B,$0.05B,7.03%,$0.74B,$0.05B,7.03%,$0.74B,$0.08B,10.41%,$0.74B,$0.04B,5.81%,$0.74B,$0.04B,5.27%,$0.04B,$0.30B,13.64%,$0.04B,$-0.00B,-154.46%,$0.04B,$0.63B,6.24%,$0.05B,$0.48B,11.09%,$177,$160,$16,$0,$1,$165,$12,$-2,$9,$2,$7,$7,$7,$18,$12,$11,11,$0.65,$0.65,$1,$149,$15,$255,$54,$0,$306,$15,$375,$630,$115,$173,$0,$211,$326,$1,$276,$0,$303,$630,$7,$6,$2,$8,$-1,$-19,$0,$28,$-2,$13,$-1,$0,$0,$0,$0,$0,$0,$-1,$-0,$-9,$-9,$0,$0,$-1,$-2,$-12,$-0,$1,$-1
3,2017-12-31,48.22,$27.04,1.78,$70.00,0.69,$9.54,5.05,$3.59,13.43,$0.25B,$0.11B,2.18,$0.19B,$0.29B,0.64,$0.76B,$0.07B,9.47%,$0.76B,$0.05B,7.11%,$0.76B,$0.05B,7.11%,$0.76B,$0.08B,10.53%,$0.76B,$0.05B,6.05%,$0.76B,$0.04B,5.13%,$0.04B,$0.29B,14.12%,$0.04B,$-0.02B,-99.36%,$0.04B,$0.63B,6.21%,$0.05B,$0.48B,11.50%,$195,$177,$18,$0,$1,$182,$13,$-2,$11,$-7,$17,$17,$17,$19,$13,$11,11,$1.61,$1.60,$1,$133,$17,$249,$55,$0,$310,$16,$380,$629,$114,$186,$0,$222,$336,$1,$268,$0,$293,$629,$39,$26,$-7,$18,$3,$4,$0,$-21,$-7,$50,$-3,$0,$0,$0,$0,$0,$0,$-3,$-1,$-43,$-44,$0,$0,$-3,$-1,$-47,$0,$3,$-3
4,2017-09-30,56.53,$25.58,2.21,$71.92,0.79,$8.95,6.32,$2.66,21.25,$0.23B,$0.12B,1.91,$0.18B,$0.28B,0.64,$0.78B,$0.07B,9.49%,$0.78B,$0.05B,6.92%,$0.78B,$0.05B,6.92%,$0.78B,$0.08B,10.38%,$0.78B,$0.05B,5.90%,$0.78B,$0.03B,3.72%,$0.03B,$0.28B,10.87%,$0.03B,$-0.04B,-54.98%,$0.03B,$0.62B,4.56%,$0.05B,$0.45B,11.55%,$174,$158,$16,$0,$0,$162,$12,$-2,$10,$3,$7,$7,$7,$19,$12,$11,11,$0.61,$0.61,$0,$136,$24,$233,$57,$0,$314,$15,$386,$619,$122,$176,$0,$220,$342,$1,$252,$0,$277,$619,$22,$20,$-0,$20,$16,$1,$0,$-35,$-2,$40,$-2,$0,$0,$0,$0,$0,$0,$-2,$-1,$-34,$-35,$0,$0,$-2,$-1,$-38,$0,$2,$-2
5,2017-06-30,44.64,$24.96,1.79,$71.84,0.62,$7.59,5.88,$2.70,16.54,$0.23B,$0.11B,2.11,$0.20B,$0.27B,0.73,$0.78B,$0.08B,9.76%,$0.78B,$0.06B,7.19%,$0.78B,$0.06B,7.19%,$0.78B,$0.08B,10.53%,$0.78B,$0.05B,6.03%,$0.78B,$0.03B,3.72%,$0.03B,$0.27B,11.16%,$0.03B,$-0.05B,-45.31%,$0.03B,$0.62B,4.52%,$0.06B,$0.47B,11.79%,$194,$174,$19,$0,$0,$179,$15,$-2,$13,$5,$8,$8,$8,$21,$15,$11,11,$0.72,$0.72,$1,$136,$11,$228,$58,$0,$318,$16,$391,$620,$108,$197,$0,$241,$349,$1,$245,$0,$271,$620,$15,$13,$0,$14,$6,$1,$0,$-17,$-10,$19,$-1,$0,$0,$0,$0,$0,$0,$-1,$-1,$-15,$-16,$0,$0,$-1,$-1,$-18,$0,$1,$-1
6,2017-03-31,40.44,$24.31,1.66,$68.81,0.59,$6.92,5.84,$2.26,17.93,$0.25B,$0.12B,2.04,$0.22B,$0.26B,0.82,$0.75B,$0.08B,10.07%,$0.75B,$0.05B,7.11%,$0.75B,$0.05B,7.11%,$0.75B,$0.08B,10.74%,$0.75B,$0.04B,5.77%,$0.75B,$0.03B,3.62%,$0.03B,$0.26B,10.69%,$0.03B,$-0.06B,-35.88%,$0.03B,$0.65B,4.18%,$0.05B,$0.48B,11.10%,$197,$179,$19,$0,$0,$183,$14,$-2,$12,$4,$7,$7,$7,$21,$14,$11,11,$0.67,$0.67,$0,$141,$16,$248,$60,$0,$322,$16,$397,$645,$122,$216,$0,$260,$382,$1,$238,$0,$264,$645,$7,$7,$1,$8,$5,$-5,$0,$-11,$-14,$1,$-0,$0,$0,$0,$0,$0,$0,$-0,$-0,$1,$1,$0,$0,$-1,$-1,$-0,$0,$1,$-1
7,2016-12-31,38.43,$23.63,1.63,$63.92,0.6,$8.20,4.69,$2.19,17.55,$0.26B,$0.15B,1.74,$0.22B,$0.26B,0.85,$0.69B,$0.07B,10.69%,$0.69B,$0.05B,7.51%,$0.69B,$0.05B,7.51%,$0.69B,$0.08B,11.27%,$0.69B,$0.04B,5.92%,$0.69B,$0.03B,3.90%,$0.03B,$0.26B,11.00%,$0.03B,$-0.07B,-31.40%,$0.03B,$0.66B,4.22%,$0.05B,$0.47B,10.99%,$215,$195,$20,$0,$2,$202,$13,$-2,$11,$4,$7,$7,$7,$20,$13,$11,11,$0.65,$0.66,$0,$136,$20,$258,$62,$0,$326,$16,$403,$662,$148,$216,$0,$258,$407,$1,$232,$0,$255,$662,$27,$26,$-0,$26,$-23,$-27,$0,$40,$-5,$47,$-6,$0,$-0,$0,$0,$0,$0,$-6,$-1,$-18,$-20,$0,$0,$-2,$-19,$-41,$-0,$2,$-2
8,2016-09-30,33.57,$23.05,1.46,$57.49,0.58,$6.98,4.81,$2.25,14.95,$0.23B,$0.12B,1.98,$0.23B,$0.25B,0.94,$0.62B,$0.07B,11.90%,$0.62B,$0.05B,8.68%,$0.62B,$0.05B,8.68%,$0.62B,$0.08B,12.70%,$0.62B,$0.04B,6.91%,$0.62B,$0.03B,4.50%,$0.03B,$0.25B,11.72%,$0.03B,$-0.08B,-29.02%,$0.03B,$0.64B,4.46%,$0.05B,$0.48B,11.43%,$173,$154,$18,$0,$1,$159,$14,$-3,$11,$4,$7,$7,$7,$20,$14,$11,11,$0.66,$0.65,$1,$129,$15,$230,$63,$0,$330,$16,$409,$639,$116,$234,$0,$274,$390,$1,$226,$-0,$249,$639,$20,$20,$-3,$17,$-8,$-20,$0,$11,$-8,$28,$-5,$0,$-0,$0,$0,$0,$0,$-5,$-1,$-1,$-2,$0,$0,$-2,$-19,$-23,$-0,$2,$-2
9,2016-06-30,32.96,$22.37,1.47,$54.26,0.61,$5.87,5.62,$2.20,15.01,$0.22B,$0.12B,1.94,$0.24B,$0.24B,0.98,$0.59B,$0.07B,12.63%,$0.59B,$0.05B,9.04%,$0.59B,$0.05B,9.04%,$0.59B,$0.08B,13.48%,$0.59B,$0.04B,7.34%,$0.59B,$0.03B,4.61%,$0.03B,$0.24B,11.63%,$0.03B,$-0.09B,-25.65%,$0.03B,$0.64B,4.32%,$0.05B,$0.48B,11.28%,$160,$142,$18,$0,$2,$149,$12,$-2,$9,$4,$6,$6,$6,$19,$12,$11,11,$0.56,$0.55,$1,$117,$14,$223,$64,$0,$334,$15,$413,$635,$115,$236,$0,$279,$394,$0,$219,$-1,$242,$635,$13,$13,$-1,$12,$-13,$-8,$0,$9,$-9,$15,$-4,$0,$0,$0,$0,$0,$0,$-4,$-1,$-1,$-1,$0,$0,$-1,$-9,$-11,$-0,$1,$-1
10,2016-03-31,33.44,$21.88,1.53,$51.60,0.65,$4.76,7.02,$2.43,13.76,$0.20B,$0.11B,1.94,$0.23B,$0.24B,0.95,$0.56B,$0.07B,13.11%,$0.56B,$0.05B,9.34%,$0.56B,$0.05B,9.34%,$0.56B,$0.08B,14.00%,$0.56B,$0.04B,7.72%,$0.56B,$0.03B,4.67%,$0.03B,$0.24B,11.52%,$0.03B,$-0.10B,-22.86%,$0.03B,$0.62B,4.17%,$0.05B,$0.46B,11.12%,$144,$125,$18,$0,$1,$131,$13,$-2,$10,$4,$7,$7,$7,$19,$13,$11,11,$0.61,$0.61,$1,$114,$13,$204,$64,$0,$338,$15,$417,$621,$105,$225,$10,$279,$385,$0,$213,$-1,$236,$621,$7,$6,$-0,$6,$2,$-5,$0,$7,$3,$15,$-1,$0,$0,$0,$0,$0,$0,$-1,$-0,$-13,$-13,$0,$0,$-1,$-0,$-14,$-0,$1,$-1
11,2015-12-31,30.57,$21.33,1.43,$49.53,0.62,$3.12,9.8,$2.31,13.23,$0.20B,$0.10B,2.04,$0.24B,$0.23B,1.04,$0.53B,$0.07B,13.11%,$0.53B,$0.05B,9.36%,$0.53B,$0.05B,9.36%,$0.53B,$0.08B,14.23%,$0.53B,$0.04B,7.87%,$0.53B,$0.02B,4.49%,$0.02B,$0.23B,10.93%,$0.02B,$-0.11B,-19.28%,$0.02B,$0.62B,3.81%,$0.05B,$0.47B,10.68%,$145,$125,$20,$0,$1,$130,$15,$-3,$13,$5,$8,$8,$8,$21,$15,$11,11,$0.73,$0.72,$1,$109,$9,$197,$64,$0,$342,$14,$420,$617,$97,$238,$10,$291,$388,$1,$207,$-0,$229,$617,$25,$26,$3,$28,$-8,$-10,$0,$1,$-15,$38,$-10,$0,$-195,$0,$0,$0,$0,$-205,$-1,$186,$185,$0,$0,$-2,$-15,$168,$0,$2,$-2
12,2015-09-30,19.67,$20.67,0.95,$44.96,0.44,$4.88,4.03,$1.99,9.91,$0.21B,$0.09B,2.32,$0.25B,$0.22B,1.13,$0.48B,$0.07B,14.26%,$0.48B,$0.04B,8.88%,$0.48B,$0.04B,8.88%,$0.48B,$0.07B,13.84%,$0.48B,$0.04B,7.44%,$0.48B,$0.02B,4.13%,$0.02B,$0.22B,9.37%,$0.02B,$-0.12B,-23.19%,$0.02B,$0.63B,3.55%,$0.04B,$0.47B,10.37%,$137,$120,$18,$0,$1,$124,$13,$-2,$11,$4,$6,$6,$6,$20,$13,$11,11,$0.60,$0.60,$0,$114,$11,$205,$65,$0,$338,$16,$419,$625,$88,$252,$13,$314,$403,$0,$201,$-1,$222,$625,$17,$19,$1,$21,$-5,$-9,$0,$-3,$-19,$19,$-8,$0,$-191,$0,$0,$0,$0,$-199,$-1,$197,$197,$0,$0,$-2,$-15,$180,$-0,$2,$-2
13,2015-06-30,26.2,$20.11,1.3,$41.70,0.63,$7.31,3.59,$1.75,15.02,$0.21B,$0.10B,2.06,$0.25B,$0.22B,1.16,$0.45B,$0.06B,13.14%,$0.45B,$0.04B,8.24%,$0.45B,$0.04B,8.24%,$0.45B,$0.06B,13.14%,$0.45B,$0.03B,6.90%,$0.45B,$0.02B,4.01%,$0.02B,$0.22B,8.63%,$0.02B,$-0.13B,-37.31%,$0.02B,$0.63B,3.61%,$0.04B,$0.47B,10.29%,$131,$115,$17,$0,$1,$120,$11,$-2,$9,$4,$5,$5,$5,$18,$11,$11,11,$0.51,$0.51,$0,$114,$13,$208,$65,$0,$342,$17,$424,$632,$101,$250,$12,$315,$416,$0,$194,$-0,$216,$632,$11,$13,$0,$13,$-6,$-9,$0,$0,$-20,$4,$-5,$0,$-189,$0,$0,$0,$0,$-194,$-0,$195,$194,$0,$0,$-1,$-3,$190,$0,$1,$-1
14,2015-03-31,40.03,$19.64,2.04,$39.59,1.01,$9.65,4.15,$1.77,22.68,$0.21B,$0.10B,2.1,$0.25B,$0.21B,1.2,$0.43B,$0.05B,12.44%,$0.43B,$0.04B,8.69%,$0.43B,$0.04B,8.69%,$0.43B,$0.06B,13.15%,$0.43B,$0.03B,7.51%,$0.43B,$0.02B,4.46%,$0.02B,$0.21B,9.31%,$0.02B,$-0.14B,-200.00%,$0.02B,$0.64B,4.41%,$0.04B,$0.46B,11.99%,$121,$105,$15,$0,$1,$110,$11,$-2,$9,$3,$5,$5,$5,$17,$11,$11,11,$0.49,$0.49,$0,$106,$15,$206,$65,$0,$356,$17,$438,$643,$98,$253,$30,$334,$432,$0,$190,$-0,$211,$643,$5,$6,$-0,$6,$-9,$-1,$0,$-2,$-12,$-1,$-3,$0,$-189,$0,$0,$0,$0,$-192,$-0,$196,$196,$0,$0,$-1,$-3,$193,$0,$1,$-1
15,2014-12-31,32.17,$19.18,1.68,$39.50,0.81,$11.21,2.87,$1.81,17.83,$0.12B,$0.09B,1.4,$0.05B,$0.21B,0.23,$0.42B,$0.05B,11.79%,$0.42B,$0.04B,8.73%,$0.42B,$0.04B,8.73%,$0.42B,$0.06B,12.97%,$0.42B,$0.03B,7.78%,$0.42B,$0.02B,4.72%,$0.02B,$0.21B,10.03%,$0.02B,$0.04B,62.99%,$0.02B,$0.36B,5.50%,$0.04B,$0.25B,14.22%,$95,$75,$19,$0,$2,$87,$8,$-1,$7,$2,$4,$4,$4,$12,$8,$11,11,$0.39,$0.40,$0,$49,$12,$122,$53,$0,$164,$16,$233,$355,$87,$48,$0,$62,$150,$0,$185,$0,$205,$355,$19,$19,$8,$27,$19,$-10,$0,$-4,$4,$50,$-3,$0,$0,$0,$0,$0,$0,$-3,$-1,$-41,$-42,$0,$0,$-2,$-2,$-46,$0,$2,$-2
16,2014-09-30,23.89,$18.88,1.27,$42.11,0.57,$11.78,2.03,$1.92,12.45,$0.13B,$0.10B,1.31,$0.05B,$0.20B,0.25,$0.45B,$0.04B,9.76%,$0.45B,$0.04B,9.09%,$0.45B,$0.04B,9.09%,$0.45B,$0.06B,13.30%,$0.45B,$0.04B,8.20%,$0.45B,$0.02B,4.66%,$0.02B,$0.20B,10.77%,$0.02B,$0.04B,85.71%,$0.02B,$0.36B,5.67%,$0.04B,$0.25B,15.41%,$102,$93,$8,$0,$1,$95,$7,$-1,$6,$2,$4,$4,$4,$12,$7,$11,11,$0.37,$0.36,$0,$47,$12,$125,$54,$0,$167,$17,$238,$363,$95,$51,$1,$65,$161,$0,$182,$0,$202,$363,$15,$14,$7,$21,$15,$-8,$0,$-1,$3,$40,$-3,$0,$0,$0,$0,$0,$0,$-3,$-1,$-32,$-33,$0,$0,$-1,$-2,$-37,$0,$2,$-1
17,2014-06-30,34.23,$18.52,1.85,$43.04,0.8,$11.75,2.91,$2.06,16.61,$0.12B,$0.08B,1.51,$0.06B,$0.20B,0.32,$0.46B,$0.05B,10.00%,$0.46B,$0.04B,9.35%,$0.46B,$0.04B,9.35%,$0.46B,$0.06B,13.48%,$0.46B,$0.04B,8.48%,$0.46B,$0.02B,4.78%,$0.02B,$0.20B,11.58%,$0.02B,$0.03B,131.34%,$0.02B,$0.36B,5.87%,$0.04B,$0.26B,15.64%,$108,$96,$11,$0,$1,$97,$11,$-1,$10,$4,$6,$6,$6,$15,$11,$11,11,$0.53,$0.53,$0,$44,$11,$118,$55,$0,$169,$17,$245,$363,$78,$64,$10,$87,$165,$0,$178,$0,$198,$363,$11,$10,$1,$11,$16,$-5,$0,$-7,$4,$26,$-2,$0,$0,$0,$0,$0,$0,$-2,$-0,$-22,$-23,$0,$0,$-1,$-0,$-24,$0,$1,$-1
18,2014-03-31,25.61,$18.03,1.42,$44.13,0.58,$11.53,2.22,$2.17,11.8,$0.13B,$0.08B,1.57,$0.08B,$0.19B,0.4,$0.47B,$0.05B,10.40%,$0.47B,$0.05B,9.55%,$0.47B,$0.05B,9.55%,$0.47B,$0.07B,13.80%,$0.47B,$0.04B,8.49%,$0.47B,$0.02B,4.88%,$0.02B,$0.19B,12.45%,$0.02B,$0.02B,262.86%,$0.02B,$0.37B,6.01%,$0.05B,$0.27B,15.87%,$119,$108,$12,$0,$0,$108,$11,$-1,$10,$4,$6,$6,$6,$16,$11,$11,11,$0.53,$0.53,$0,$40,$12,$126,$57,$0,$172,$17,$248,$374,$81,$78,$10,$101,$181,$0,$173,$-0,$193,$374,$6,$5,$1,$6,$5,$-1,$0,$-0,$2,$14,$-1,$0,$0,$0,$0,$0,$0,$-1,$-0,$-12,$-12,$0,$0,$-0,$-0,$-13,$0,$1,$-0
19,2013-12-31,23.28,$17.51,1.33,$44.18,0.53,$11.59,2.01,$2.14,10.88,$0.13B,$0.08B,1.58,$0.09B,$0.19B,0.48,$0.47B,$0.05B,9.98%,$0.47B,$0.04B,9.34%,$0.47B,$0.04B,9.34%,$0.47B,$0.06B,13.59%,$0.47B,$0.04B,8.07%,$0.47B,$0.02B,4.67%,$0.02B,$0.19B,12.29%,$0.02B,$0.01B,4400.00%,$0.02B,$0.38B,5.66%,$0.04B,$0.28B,15.13%,$122,$109,$13,$0,$1,$110,$12,$-1,$11,$4,$6,$6,$5,$17,$12,$11,11,$0.51,$0.51,$0,$39,$11,$129,$58,$0,$174,$17,$251,$381,$82,$90,$10,$112,$194,$0,$168,$-0,$187,$381,$23,$20,$2,$22,$14,$2,$0,$-4,$12,$57,$-4,$0,$0,$0,$0,$0,$0,$-4,$-1,$-50,$-51,$0,$0,$-2,$-0,$-53,$-1,$2,$-2
20,2013-09-30,22.73,$17.09,1.33,$45.62,0.5,$10.38,2.19,$1.86,12.25,$0.13B,$0.07B,1.79,$0.11B,$0.18B,0.58,$0.49B,$0.05B,9.67%,$0.49B,$0.04B,9.05%,$0.49B,$0.04B,9.05%,$0.49B,$0.07B,14.20%,$0.49B,$0.04B,7.61%,$0.49B,$0.02B,3.91%,$0.02B,$0.18B,10.97%,$0.02B,$0.01B,-253.33%,$0.02B,$0.38B,4.79%,$0.04B,$0.29B,14.74%,$111,$101,$10,$0,$1,$102,$9,$-1,$8,$3,$5,$5,$5,$14,$9,$11,11,$0.50,$0.50,$0,$40,$15,$128,$59,$0,$177,$17,$254,$382,$72,$106,$10,$129,$200,$0,$163,$-0,$182,$382,$17,$15,$1,$16,$20,$1,$0,$-10,$6,$40,$-3,$0,$0,$0,$0,$0,$0,$-3,$-1,$-35,$-36,$0,$0,$-1,$-0,$-38,$-1,$1,$-1
21,2013-06-30,19.84,$16.58,1.2,$47.85,0.41,$9.74,2.04,$1.92,10.36,$0.14B,$0.08B,1.82,$0.12B,$0.18B,0.68,$0.51B,$0.05B,10.41%,$0.51B,$0.05B,9.63%,$0.51B,$0.05B,9.63%,$0.51B,$0.08B,15.52%,$0.51B,$0.04B,8.06%,$0.51B,$0.02B,3.93%,$0.02B,$0.18B,11.89%,$0.02B,$-0.00B,-121.21%,$0.02B,$0.39B,4.87%,$0.05B,$0.30B,15.97%,$119,$106,$14,$0,$1,$106,$13,$-1,$11,$4,$7,$7,$7,$18,$13,$11,11,$0.65,$0.64,$0,$41,$12,$136,$60,$0,$179,$16,$258,$394,$75,$120,$10,$142,$217,$0,$158,$-0,$177,$394,$12,$10,$1,$11,$11,$0,$0,$-7,$1,$24,$-2,$0,$0,$0,$0,$0,$0,$-2,$-0,$-21,$-22,$0,$0,$-1,$-0,$-23,$-1,$1,$-1
22,2013-03-31,12.04,$15.96,0.75,$49.47,0.24,$8.72,1.38,$1.87,6.46,$0.14B,$0.08B,1.79,$0.13B,$0.17B,0.76,$0.53B,$0.05B,10.08%,$0.53B,$0.05B,9.32%,$0.53B,$0.05B,9.32%,$0.53B,$0.08B,15.02%,$0.53B,$0.04B,7.79%,$0.53B,$0.02B,3.61%,$0.02B,$0.17B,11.64%,$0.02B,$-0.01B,-71.70%,$0.02B,$0.40B,4.48%,$0.05B,$0.30B,15.57%,$119,$109,$10,$0,$0,$109,$10,$-2,$8,$3,$5,$5,$5,$15,$10,$11,11,$0.50,$0.50,$1,$41,$13,$137,$62,$0,$182,$17,$262,$399,$76,$129,$11,$152,$228,$0,$151,$-1,$170,$399,$5,$5,$1,$6,$10,$1,$0,$-4,$4,$15,$-2,$0,$0,$0,$0,$0,$0,$-2,$-0,$-13,$-13,$0,$0,$-0,$-0,$-14,$-0,$1,$-0
23,2012-12-31,11.77,$15.52,0.76,$51.52,0.23,$7.27,1.62,$2.00,5.88,$0.15B,$0.08B,1.8,$0.14B,$0.16B,0.88,$0.55B,$0.06B,10.24%,$0.55B,$0.05B,9.32%,$0.55B,$0.05B,9.32%,$0.55B,$0.08B,14.81%,$0.55B,$0.04B,8.04%,$0.55B,$0.02B,3.84%,$0.02B,$0.16B,13.25%,$0.02B,$-0.02B,-57.53%,$0.02B,$0.41B,4.79%,$0.05B,$0.31B,15.74%,$137,$124,$13,$0,$1,$125,$12,$-2,$10,$3,$6,$6,$2,$22,$12,$11,11,$0.22,$0.23,$2,$42,$9,$146,$62,$0,$184,$15,$264,$410,$81,$144,$10,$165,$246,$0,$147,$-1,$164,$410,$21,$30,$-5,$26,$25,$0,$0,$-11,$13,$60,$-21,$0,$-5,$0,$0,$0,$0,$-25,$-1,$-24,$-25,$0,$0,$-2,$-7,$-33,$1,$1,$-2
24,2012-09-30,11.72,$15.33,0.76,$49.17,0.24,$6.27,1.87,$2.36,4.98,$0.17B,$0.10B,1.7,$0.16B,$0.16B,0.99,$0.52B,$0.06B,10.56%,$0.52B,$0.05B,9.60%,$0.52B,$0.05B,9.60%,$0.52B,$0.08B,14.40%,$0.52B,$0.04B,8.25%,$0.52B,$0.03B,4.80%,$0.03B,$0.16B,16.29%,$0.03B,$-0.03B,-53.19%,$0.03B,$0.44B,5.56%,$0.05B,$0.32B,15.27%,$134,$118,$16,$0,$1,$120,$14,$-2,$12,$5,$7,$7,$6,$24,$14,$11,11,$0.57,$0.56,$1,$43,$15,$170,$62,$0,$193,$15,$271,$440,$100,$160,$8,$179,$278,$0,$145,$-1,$162,$440,$19,$20,$-3,$17,$8,$-1,$0,$-4,$5,$41,$-12,$0,$-5,$0,$0,$0,$0,$-16,$-0,$-15,$-16,$0,$0,$-1,$-7,$-24,$0,$1,$-1
25,2012-06-30,11.34,$14.80,0.77,$51.71,0.22,$6.05,1.87,$2.38,4.77,$0.17B,$0.10B,1.78,$0.17B,$0.16B,1.1,$0.55B,$0.05B,9.51%,$0.55B,$0.05B,8.59%,$0.55B,$0.05B,8.59%,$0.55B,$0.07B,12.25%,$0.55B,$0.04B,7.50%,$0.55B,$0.03B,4.57%,$0.03B,$0.16B,16.95%,$0.03B,$-0.04B,-45.05%,$0.03B,$0.45B,5.56%,$0.05B,$0.33B,14.52%,$136,$122,$14,$0,$1,$123,$13,$-2,$11,$4,$7,$7,$6,$18,$13,$11,11,$0.60,$0.59,$0,$43,$14,$170,$64,$0,$200,$15,$279,$449,$96,$173,$13,$197,$293,$0,$139,$-1,$157,$449,$13,$10,$3,$13,$5,$-1,$0,$-9,$-4,$22,$-11,$0,$-5,$0,$0,$0,$0,$-16,$-0,$-5,$-5,$0,$0,$-1,$-0,$-6,$-0,$0,$-1
26,2012-03-31,11.79,$14.25,0.83,$53.99,0.22,$4.96,2.38,$2.19,5.38,$0.17B,$0.10B,1.81,$0.19B,$0.15B,1.24,$0.57B,$0.05B,8.25%,$0.57B,$0.04B,7.19%,$0.57B,$0.04B,7.19%,$0.57B,$0.06B,10.35%,$0.57B,$0.04B,6.49%,$0.57B,$0.02B,4.04%,$0.02B,$0.15B,16.25%,$0.02B,$-0.05B,-35.38%,$0.02B,$0.46B,5.02%,$0.04B,$0.34B,12.66%,$140,$127,$13,$0,$1,$127,$12,$-2,$11,$4,$7,$7,$7,$17,$12,$11,11,$0.64,$0.63,$0,$42,$17,$173,$64,$0,$203,$16,$282,$456,$96,$186,$12,$209,$305,$0,$133,$-1,$151,$456,$7,$5,$2,$7,$5,$-0,$0,$-12,$-7,$7,$-9,$0,$-5,$0,$0,$0,$0,$-13,$-0,$7,$7,$0,$0,$-0,$-0,$6,$-0,$0,$-0
27,2011-12-31,11.51,$13.68,0.84,$55.19,0.21,$5.02,2.29,$1.96,5.87,$0.18B,$0.11B,1.66,$0.18B,$0.14B,1.24,$0.58B,$0.04B,7.23%,$0.58B,$0.04B,6.20%,$0.58B,$0.04B,6.20%,$0.58B,$0.05B,8.78%,$0.58B,$0.03B,5.68%,$0.58B,$0.02B,3.44%,$0.02B,$0.14B,14.71%,$0.02B,$-0.06B,-56.74%,$0.02B,$0.46B,4.85%,$0.04B,$0.32B,12.88%,$111,$99,$12,$0,$1,$101,$11,$-2,$9,$3,$6,$6,$6,$16,$11,$10,11,$0.58,$0.57,$0,$42,$17,$178,$57,$0,$205,$13,$276,$455,$107,$179,$17,$204,$311,$0,$127,$-1,$144,$455,$21,$15,$0,$15,$51,$-5,$0,$-35,$-1,$35,$-7,$0,$-175,$0,$0,$0,$0,$-182,$0,$146,$146,$0,$0,$-1,$-4,$142,$-5,$1,$-1
28,2011-09-30,12.23,$13.13,0.93,$59.73,0.2,$3.62,3.38,$1.87,6.56,$0.18B,$0.11B,1.65,$0.17B,$0.14B,1.23,$0.63B,$0.04B,6.06%,$0.63B,$0.03B,5.10%,$0.63B,$0.03B,5.10%,$0.63B,$0.05B,7.18%,$0.63B,$0.03B,4.94%,$0.63B,$0.02B,3.03%,$0.02B,$0.14B,14.50%,$0.02B,$-0.07B,-447.06%,$0.02B,$0.44B,5.13%,$0.03B,$0.31B,13.46%,$160,$147,$13,$0,$1,$149,$11,$-1,$10,$4,$6,$6,$6,$16,$11,$10,11,$0.59,$0.58,$0,$40,$18,$175,$46,$0,$202,$15,$264,$439,$106,$170,$17,$195,$301,$0,$121,$-1,$138,$439,$15,$10,$-0,$10,$54,$-3,$0,$-38,$7,$31,$-4,$0,$-175,$0,$0,$0,$0,$-179,$0,$147,$147,$0,$0,$-1,$-3,$143,$-5,$1,$-1
29,2011-06-30,11.73,$12.66,0.93,$65.06,0.18,$1.69,6.96,$1.98,5.94,$0.21B,$0.12B,1.78,$0.20B,$0.13B,1.48,$0.68B,$0.04B,5.59%,$0.68B,$0.03B,4.85%,$0.68B,$0.03B,4.85%,$0.68B,$0.04B,6.32%,$0.68B,$0.03B,4.85%,$0.68B,$0.02B,2.94%,$0.02B,$0.13B,15.84%,$0.02B,$-0.08B,76.19%,$0.02B,$0.48B,6.09%,$0.03B,$0.33B,16.65%,$159,$149,$9,$0,$2,$151,$7,$-0,$7,$3,$4,$4,$4,$10,$7,$10,11,$0.40,$0.40,$1,$39,$13,$207,$45,$0,$213,$17,$277,$483,$116,$196,$30,$235,$351,$0,$116,$0,$133,$483,$8,$5,$-1,$5,$15,$-1,$0,$-19,$-12,$1,$-2,$0,$-175,$0,$0,$0,$0,$-177,$0,$174,$174,$0,$0,$-1,$-3,$171,$-5,$0,$-1
30,2011-03-31,13.97,$12.30,1.14,$70.47,0.2,$1.90,7.34,$2.17,6.45,$0.15B,$0.10B,1.57,$0.03B,$0.13B,0.24,$0.73B,$0.04B,5.32%,$0.73B,$0.04B,4.91%,$0.73B,$0.04B,4.91%,$0.73B,$0.05B,6.14%,$0.73B,$0.04B,4.91%,$0.73B,$0.02B,3.00%,$0.02B,$0.13B,18.18%,$0.02B,$0.07B,32.71%,$0.02B,$0.27B,8.42%,$0.04B,$0.16B,25.00%,$151,$144,$8,$0,$1,$144,$7,$-0,$7,$3,$4,$4,$4,$9,$7,$10,10,$0.40,$0.40,$2,$0,$10,$151,$43,$0,$62,$14,$120,$271,$96,$31,$6,$46,$142,$0,$112,$0,$129,$271,$4,$2,$1,$4,$19,$0,$0,$-20,$-8,$-0,$-1,$0,$0,$0,$0,$0,$-0,$-1,$0,$-2,$-2,$0,$0,$-0,$0,$-2,$-3,$0,$-0
31,2010-12-31,15.49,$11.92,1.3,$78.07,0.2,$1.52,10.17,$2.29,6.78,$0.17B,$0.12B,1.46,$0.03B,$0.12B,0.25,$0.81B,$0.04B,4.94%,$0.81B,$0.04B,4.69%,$0.81B,$0.04B,4.69%,$0.81B,$0.05B,5.80%,$0.81B,$0.04B,4.69%,$0.81B,$0.02B,2.84%,$0.02B,$0.12B,19.96%,$0.02B,$0.06B,33.09%,$0.02B,$0.29B,9.18%,$0.04B,$0.16B,29.12%,$157,$149,$8,$0,$0,$150,$7,$-0,$7,$3,$5,$5,$5,$10,$7,$10,10,$0.48,$1.02,$6,$0,$10,$174,$42,$0,$61,$10,$115,$288,$119,$31,$8,$45,$165,$0,$108,$0,$124,$288,$24,$9,$1,$10,$26,$0,$0,$-40,$-16,$18,$-5,$0,$-30,$0,$0,$0,$0,$-35,$0,$18,$18,$0,$0,$-1,$-2,$15,$-2,$2,$-1
32,2010-09-30,16.52,$11.46,1.44,$87.87,0.19,$1.79,9.21,$2.31,7.15,$0.16B,$0.11B,1.47,$0.03B,$0.12B,0.25,$0.91B,$0.04B,4.51%,$0.91B,$0.04B,4.29%,$0.91B,$0.04B,4.29%,$0.91B,$0.05B,5.17%,$0.91B,$0.04B,4.29%,$0.91B,$0.02B,2.53%,$0.02B,$0.12B,21.00%,$0.02B,$0.06B,31.94%,$0.02B,$0.27B,9.50%,$0.04B,$0.15B,33.26%,$213,$200,$13,$0,$1,$201,$12,$-0,$12,$5,$7,$7,$7,$14,$12,$10,10,$0.70,$0.70,$2,$0,$10,$159,$40,$0,$62,$10,$112,$271,$108,$30,$8,$44,$152,$0,$103,$0,$119,$271,$19,$6,$1,$7,$38,$0,$0,$-51,$-16,$10,$-4,$0,$-30,$0,$0,$0,$-2,$-35,$0,$20,$20,$0,$0,$-1,$0,$19,$-6,$1,$-1
33,2010-06-30,14.88,$10.79,1.38,$92.92,0.16,$2.38,6.24,$2.37,6.29,$0.15B,$0.10B,1.57,$0.00B,$0.11B,0.0,$0.96B,$0.04B,4.28%,$0.96B,$0.04B,4.17%,$0.96B,$0.04B,4.17%,$0.96B,$0.05B,5.01%,$0.96B,$0.04B,4.07%,$0.96B,$0.02B,2.50%,$0.02B,$0.11B,23.19%,$0.02B,$0.08B,32.32%,$0.02B,$0.22B,10.17%,$0.04B,$0.11B,38.55%,$212,$202,$10,$0,$0,$203,$10,$-0,$10,$4,$6,$6,$6,$12,$10,$10,10,$0.59,$0.03,$7,$0,$7,$154,$24,$0,$29,$7,$61,$215,$98,$0,$1,$5,$103,$0,$96,$0,$112,$215,$12,$4,$0,$5,$37,$0,$0,$-44,$-12,$4,$-3,$0,$0,$0,$0,$0,$-2,$-4,$0,$0,$0,$0,$0,$-1,$0,$-1,$-1,$0,$-1
34,2010-03-31,19.23,$10.23,1.88,$97.26,0.2,$2.79,6.89,$2.40,8.01,$0.17B,$0.12B,1.43,$0.00B,$0.11B,0.0,$1.00B,$0.04B,4.19%,$1.00B,$0.04B,3.99%,$1.00B,$0.04B,3.99%,$1.00B,$0.05B,4.79%,$1.00B,$0.04B,3.99%,$1.00B,$0.02B,2.40%,$0.02B,$0.11B,24.68%,$0.02B,$0.08B,35.29%,$0.02B,$0.23B,10.14%,$0.04B,$0.11B,41.03%,$228,$219,$9,$0,$0,$220,$9,$0,$9,$3,$5,$5,$5,$11,$9,$10,10,$0.52,$0.52,$2,$0,$8,$166,$24,$0,$30,$8,$61,$228,$116,$0,$1,$5,$121,$0,$90,$0,$106,$228,$5,$2,$1,$3,$21,$0,$0,$-27,$-12,$-4,$-1,$0,$0,$0,$0,$0,$-0,$-1,$0,$0,$0,$0,$0,$-0,$0,$-0,$-6,$0,$-0
35,2009-12-31,21.04,$9.80,2.15,$98.69,0.21,$1.94,10.83,$2.34,9.01,$0.19B,$0.15B,1.31,$0.00B,$0.10B,0.01,$1.01B,$0.04B,4.04%,$1.01B,$0.04B,3.75%,$1.01B,$0.04B,3.75%,$1.01B,$0.05B,4.54%,$1.01B,$0.04B,3.85%,$1.01B,$0.02B,2.37%,$0.02B,$0.10B,26.37%,$0.02B,$0.07B,38.87%,$0.02B,$0.25B,9.49%,$0.04B,$0.10B,41.64%,$256,$248,$9,$0,$0,$248,$8,$0,$8,$3,$5,$5,$5,$10,$8,$10,10,$0.50,$0.51,$8,$0,$8,$193,$25,$0,$29,$7,$61,$254,$147,$1,$0,$5,$153,$0,$85,$0,$101,$254,$24,$8,$1,$9,$32,$0,$0,$-42,$-8,$24,$-9,$0,$0,$0,$0,$0,$-2,$-10,$0,$-7,$-7,$0,$0,$-1,$0,$-7,$7,$1,$-1
36,2009-09-30,18.18,$9.26,1.96,$102.90,0.18,$1.68,10.83,$2.36,7.72,$0.19B,$0.15B,1.27,$0.00B,$0.10B,0.0,$1.06B,$0.04B,3.89%,$1.06B,$0.04B,3.70%,$1.06B,$0.04B,3.70%,$1.06B,$0.05B,4.36%,$1.06B,$0.04B,3.79%,$1.06B,$0.02B,2.27%,$0.02B,$0.10B,28.32%,$0.02B,$0.07B,43.05%,$0.02B,$0.25B,9.28%,$0.04B,$0.10B,46.02%,$263,$250,$13,$0,$0,$251,$13,$-0,$12,$5,$8,$8,$8,$15,$13,$10,10,$0.76,$0.75,$4,$0,$8,$187,$25,$0,$29,$7,$61,$247,$147,$0,$1,$5,$152,$0,$80,$0,$95,$247,$19,$6,$0,$6,$35,$0,$0,$-41,$-5,$19,$-7,$0,$0,$0,$0,$0,$-2,$-9,$0,$-7,$-7,$0,$0,$-1,$0,$-7,$3,$1,$-1
37,2009-06-30,12.17,$8.51,1.43,$107.42,0.11,$1.67,7.3,$2.13,5.73,$0.16B,$0.13B,1.27,$0.00B,$0.09B,0.0,$1.10B,$0.04B,3.37%,$1.10B,$0.04B,3.18%,$1.10B,$0.04B,3.18%,$1.10B,$0.04B,3.73%,$1.10B,$0.04B,3.37%,$1.10B,$0.02B,1.91%,$0.02B,$0.09B,26.75%,$0.02B,$0.06B,42.00%,$0.02B,$0.22B,8.18%,$0.04B,$0.09B,44.59%,$255,$244,$11,$0,$0,$245,$10,$0,$11,$4,$6,$6,$6,$12,$10,$10,10,$0.63,$0.63,$0,$0,$10,$160,$24,$0,$29,$5,$58,$218,$126,$0,$1,$5,$131,$0,$73,$0,$87,$218,$11,$4,$0,$4,$60,$0,$0,$-60,$-4,$10,$-5,$0,$0,$0,$0,$0,$-2,$-6,$0,$-4,$-4,$0,$0,$-0,$0,$-4,$-0,$1,$-0
38,2009-03-31,12.41,$7.88,1.57,$107.32,0.12,$0.94,13.22,$1.97,6.3,$0.24B,$0.21B,1.13,$0.00B,$0.08B,0.0,$1.10B,$0.03B,3.10%,$1.10B,$0.03B,3.01%,$1.10B,$0.03B,3.01%,$1.10B,$0.04B,3.47%,$1.10B,$0.03B,3.10%,$1.10B,$0.02B,1.82%,$0.02B,$0.08B,27.40%,$0.02B,$0.05B,44.69%,$0.02B,$0.29B,7.66%,$0.03B,$0.08B,45.21%,$240,$233,$8,$0,$0,$233,$7,$0,$8,$3,$5,$5,$5,$9,$7,$10,10,$0.46,$0.46,$0,$0,$10,$235,$23,$0,$30,$5,$58,$293,$207,$0,$1,$5,$212,$0,$67,$0,$81,$293,$5,$2,$-0,$2,$-15,$0,$0,$2,$-18,$-11,$-2,$0,$0,$0,$0,$0,$-2,$-4,$0,$15,$15,$0,$0,$-0,$0,$15,$-0,$0,$-0
39,2008-12-31,18.2,$7.47,2.44,$102.42,0.18,$2.94,6.2,$1.87,9.73,$0.22B,$0.20B,1.12,$0.00B,$0.08B,0.0,$1.05B,$0.03B,3.06%,$1.05B,$0.03B,3.06%,$1.05B,$0.03B,3.06%,$1.05B,$0.04B,3.44%,$1.05B,$0.03B,3.06%,$1.05B,$0.02B,1.82%,$0.02B,$0.08B,28.04%,$0.02B,$0.05B,43.43%,$0.02B,$0.28B,8.19%,$0.03B,$0.08B,47.23%,$297,$287,$9,$0,$1,$288,$9,$-0,$9,$3,$5,$5,$5,$10,$9,$10,10,$0.53,$0.53,$1,$0,$11,$221,$21,$0,$29,$5,$55,$276,$196,$0,$1,$3,$200,$0,$62,$0,$76,$276,$19,$5,$2,$7,$-67,$0,$0,$58,$-3,$23,$-10,$0,$-17,$0,$0,$0,$-2,$-29,$0,$7,$7,$0,$0,$-1,$0,$6,$1,$1,$-1
40,2008-09-30,15.62,$6.93,2.25,$93.13,0.17,$1.62,9.64,$1.79,8.75,$0.19B,$0.16B,1.13,$0.00B,$0.07B,0.0,$0.95B,$0.03B,3.17%,$0.95B,$0.03B,3.17%,$0.95B,$0.03B,3.17%,$0.95B,$0.03B,3.59%,$0.95B,$0.03B,3.17%,$0.95B,$0.02B,1.90%,$0.02B,$0.07B,28.69%,$0.02B,$0.04B,42.35%,$0.02B,$0.24B,8.74%,$0.03B,$0.07B,47.81%,$307,$298,$9,$0,$0,$298,$9,$0,$9,$3,$5,$5,$5,$10,$9,$10,10,$0.53,$0.52,$1,$0,$7,$185,$20,$0,$27,$6,$54,$240,$164,$0,$1,$5,$169,$0,$57,$0,$70,$240,$14,$4,$1,$5,$-36,$0,$0,$37,$1,$19,$-7,$0,$-17,$0,$0,$0,$0,$-24,$0,$6,$6,$0,$0,$-1,$0,$6,$1,$1,$-1
41,2008-06-30,12.72,$6.40,1.99,$80.30,0.16,$1.13,11.24,$1.60,7.98,$0.18B,$0.17B,1.1,$0.00B,$0.07B,0.0,$0.81B,$0.03B,3.32%,$0.81B,$0.03B,3.19%,$0.81B,$0.03B,3.19%,$0.81B,$0.03B,3.69%,$0.81B,$0.03B,3.32%,$0.81B,$0.02B,1.97%,$0.02B,$0.07B,27.59%,$0.02B,$0.04B,38.32%,$0.02B,$0.24B,8.65%,$0.03B,$0.07B,44.83%,$252,$244,$8,$0,$0,$244,$8,$-0,$8,$3,$5,$5,$5,$9,$8,$10,10,$0.47,$0.47,$2,$0,$6,$182,$17,$0,$28,$7,$53,$236,$166,$0,$1,$5,$171,$0,$52,$0,$65,$236,$8,$2,$1,$3,$-34,$0,$0,$25,$-9,$2,$-4,$0,$-17,$0,$0,$0,$0,$-21,$0,$21,$21,$0,$0,$-0,$0,$20,$1,$1,$-0
42,2008-03-31,13.04,$5.93,2.2,$71.64,0.18,$1.46,8.95,$1.48,8.81,$0.14B,$0.11B,1.25,$0.00B,$0.06B,0.0,$0.72B,$0.03B,3.46%,$0.72B,$0.02B,3.19%,$0.72B,$0.02B,3.19%,$0.72B,$0.03B,3.74%,$0.72B,$0.03B,3.46%,$0.72B,$0.02B,2.08%,$0.02B,$0.06B,28.04%,$0.02B,$0.05B,36.14%,$0.02B,$0.18B,9.29%,$0.02B,$0.06B,42.99%,$189,$183,$6,$0,$0,$183,$6,$0,$6,$2,$4,$4,$4,$7,$6,$10,10,$0.36,$0.36,$6,$0,$5,$139,$16,$0,$13,$6,$37,$176,$112,$0,$0,$5,$116,$0,$48,$0,$60,$176,$4,$1,$2,$3,$5,$0,$0,$2,$2,$9,$-2,$0,$-0,$0,$0,$0,$0,$-2,$0,$-0,$-0,$0,$0,$-0,$0,$-0,$6,$0,$-0
43,2007-12-31,22.53,$5.58,4.04,$65.43,0.34,$0.80,28.03,$1.41,16.04,$0.14B,$0.11B,1.22,$0.00B,$0.06B,0.0,$0.65B,$0.02B,3.52%,$0.65B,$0.02B,3.21%,$0.65B,$0.02B,3.21%,$0.65B,$0.03B,3.82%,$0.65B,$0.02B,3.52%,$0.65B,$0.01B,2.14%,$0.01B,$0.06B,28.57%,$0.01B,$0.04B,35.00%,$0.01B,$0.17B,9.56%,$0.02B,$0.06B,42.86%,$198,$191,$7,$0,$-0,$191,$7,$0,$7,$3,$4,$4,$4,$8,$7,$10,10,$0.45,$0.45,$0,$0,$3,$136,$15,$0,$13,$5,$35,$172,$112,$0,$0,$4,$115,$0,$44,$0,$56,$172,$14,$3,$-2,$1,$-59,$4,$0,$41,$-7,$8,$-9,$0,$-12,$0,$0,$0,$0,$-20,$0,$0,$0,$2,$2,$-1,$2,$4,$-9,$1,$-1
44,2007-09-30,21.8,$5.11,4.27,$56.15,0.39,$0.44,49.41,$1.21,17.98,$0.13B,$0.10B,1.25,$0.00B,$0.05B,0.0,$0.56B,$0.02B,3.58%,$0.56B,$0.02B,3.23%,$0.56B,$0.02B,3.23%,$0.56B,$0.02B,3.76%,$0.56B,$0.02B,3.58%,$0.56B,$0.01B,2.15%,$0.01B,$0.05B,26.97%,$0.01B,$0.04B,31.17%,$0.01B,$0.16B,9.36%,$0.02B,$0.05B,40.45%,$175,$169,$6,$0,$1,$169,$5,$0,$6,$2,$3,$3,$3,$6,$5,$10,10,$0.34,$0.33,$8,$0,$3,$125,$12,$0,$11,$5,$30,$156,$101,$0,$0,$4,$104,$0,$40,$0,$51,$156,$10,$2,$-0,$2,$-40,$4,$0,$35,$0,$12,$-5,$0,$-12,$0,$0,$0,$0,$-17,$0,$0,$0,$2,$2,$-1,$2,$3,$-1,$0,$-1
45,2007-06-30,16.94,$4.73,3.58,$49.60,0.34,$-0.93,0.0,$1.08,15.72,$0.11B,$0.09B,1.25,$0.00B,$0.05B,0.0,$0.49B,$0.02B,3.49%,$0.49B,$0.02B,3.29%,$0.49B,$0.02B,3.29%,$0.49B,$0.02B,3.70%,$0.49B,$0.02B,3.49%,$0.49B,$0.01B,2.26%,$0.01B,$0.05B,26.99%,$0.01B,$0.04B,29.73%,$0.01B,$0.14B,9.89%,$0.02B,$0.05B,39.26%,$160,$154,$6,$0,$0,$154,$5,$0,$6,$2,$4,$4,$4,$6,$5,$10,10,$0.36,$0.36,$1,$1,$3,$114,$10,$0,$11,$5,$28,$142,$92,$0,$0,$3,$95,$0,$37,$0,$47,$142,$6,$1,$-0,$1,$-34,$3,$0,$29,$-4,$4,$-2,$0,$-12,$0,$0,$0,$0,$-14,$0,$0,$0,$2,$2,$-0,$1,$3,$-7,$0,$-0
46,2007-03-31,9.47,$4.29,2.21,$43.36,0.22,$-1.86,0.0,$0.93,10.15,$0.10B,$0.07B,1.4,$0.00B,$0.04B,0.0,$0.42B,$0.01B,3.32%,$0.42B,$0.01B,3.32%,$0.42B,$0.01B,3.32%,$0.42B,$0.02B,3.79%,$0.42B,$0.01B,3.32%,$0.42B,$0.01B,2.13%,$0.01B,$0.04B,24.00%,$0.01B,$0.04B,24.83%,$0.01B,$0.12B,9.30%,$0.01B,$0.04B,37.33%,$121,$116,$4,$0,$0,$116,$4,$0,$4,$2,$3,$3,$3,$5,$4,$10,10,$0.29,$0.28,$9,$2,$3,$100,$9,$0,$1,$5,$16,$116,$71,$0,$0,$3,$74,$0,$33,$0,$42,$116,$3,$1,$-0,$0,$-16,$2,$0,$14,$-2,$1,$-1,$0,$0,$0,$0,$0,$0,$-1,$0,$0,$0,$0,$0,$-0,$0,$1,$1,$0,$-0
47,2006-12-31,7.78,$3.99,1.95,$37.52,0.21,$-2.34,0.0,$0.81,9.67,$0.08B,$0.06B,1.44,$0.00B,$0.04B,0.0,$0.36B,$0.01B,3.30%,$0.36B,$0.01B,3.30%,$0.36B,$0.01B,3.30%,$0.36B,$0.01B,3.85%,$0.36B,$0.01B,3.30%,$0.36B,$0.01B,1.92%,$0.01B,$0.04B,20.00%,$0.01B,$0.04B,20.74%,$0.01B,$0.10B,8.16%,$0.01B,$0.04B,34.29%,$102,$98,$4,$0,$0,$98,$4,$0,$4,$1,$2,$2,$2,$4,$4,$9,10,$0.25,$0.25,$9,$4,$2,$84,$8,$0,$1,$4,$15,$99,$58,$0,$0,$2,$60,$0,$31,$0,$38,$99,$8,$2,$-0,$2,$-23,$-0,$0,$14,$-8,$2,$-6,$0,$0,$0,$0,$0,$0,$-6,$0,$0,$0,$0,$0,$-1,$0,$0,$-4,$0,$-1
