,Date,Stock Price,Book Value per Share,Price to Book Ratio,TTM Sales per Share,Price to Sales Ratio,TTM FCF per Share,Price to FCF Ratio,TTM Net EPS,PE Ratio,Current Assets,Current Liabilities,Current Ratio,Long Term Debt,Shareholder's Equity_x,Debt to Equity Ratio,TTM Revenue_x,TTM Gross Profit,Gross Margin,TTM Revenue_y,TTM Operating Income,Operating Margin,TTM Revenue_x,TTM EBIT,EBIT Margin,TTM Revenue_y,TTM EBITDA,EBITDA Margin,TTM Revenue_x,TTM Pre-Tax Income,Pre-Tax Margin,TTM Revenue_y,TTM Net Income_x,Net Margin,TTM Net Income_y,Shareholder's Equity_y,Return on Equity,TTM Net Income_x,Tangible Equity,Return on Tangible Equity,TTM Net Income_y,Total Assets,Return on Assets,TTM Net Income,LT Investments & Debt,Return on Investment,revenue,cost-goods-sold,gross-profit,research-development-expenses,selling-general-administrative-expenses,operating-expenses,operating-income,total-non-operating-income-expense,pre-tax-income,total-provision-income-taxes,income-after-taxes,income-from-continuous-operations,net-income,ebitda,ebit,basic-shares-outstanding,shares-outstanding,eps-basic-net-earnings-per-share,eps-earnings-per-share-diluted,cash-on-hand,inventory,other-current-assets,total-current-assets,net-property-plant-equipment,long-term-investments,goodwill-intangible-assets-total,other-long-term-assets,total-long-term-assets,total-assets,total-current-liabilities,long-term-debt,other-non-current-liabilities,total-long-term-liabilities,total-liabilities,common-stock-net,retained-earnings-accumulated-deficit,comprehensive-income,total-share-holder-equity,total-liabilities-share-holders-equity,net-income-loss,total-depreciation-amortization-cash-flow,other-non-cash-items,total-non-cash-items,change-in-accounts-receivable,change-in-inventories,change-in-accounts-payable,change-in-assets-liabilities,total-change-in-assets-liabilities,cash-flow-from-operating-activities,net-change-in-property-plant-equipment,net-change-in-intangible-assets,net-acquisitions-divestitures,net-change-in-short-term-investments,net-change-in-long-term-investments,net-change-in-investments-total,investing-activities-other,cash-flow-from-investing-activities,net-long-term-debt,net-current-debt,debt-issuance-retirement-net-total,net-common-equity-issued-repurchased,net-total-equity-issued-repurchased,total-common-preferred-stock-dividends-paid,financial-activities-other,cash-flow-from-financial-activities,net-cash-flow,stock-based-compensation,common-stock-dividends-paid
0,2018-09-30,20.35,$10.11,2.01,$19.08,1.07,$1.24,16.4,$0.32,63.59,$2.08B,$0.56B,3.71,$0.67B,$1.46B,0.46,$2.94B,$0.84B,28.67%,$2.94B,$0.43B,14.61%,$2.94B,$0.43B,14.61%,$2.94B,$0.60B,20.50%,$2.94B,$0.38B,13.07%,$2.94B,$0.07B,2.21%,$0.07B,$1.46B,4.49%,$0.07B,$1.24B,5.28%,$0.07B,$3.35B,1.89%,$0.43B,$2.13B,20.19%,$781,$545,$236,$0,$98,$643,$138,$-11,$127,$49,$78,$78,$78,$183,$138,$144,153,$0.54,$0.51,$1063,$500,$0,$2084,$909,$0,$215,$142,$1266,$3350,$562,$668,$240,$1329,$1891,$14,$-151,$-1,$1459,$3350,$244,$129,$-151,$-23,$0,$0,$0,$-125,$-125,$109,$-118,$0,$-15,$405,$0,$405,$-2,$270,$-135,$0,$-135,$0,$0,$-34,$-18,$-188,$180,$0,$-34
1,2018-06-30,23.2,$9.61,2.41,$18.30,1.27,$2.34,9.92,$0.22,105.45,$2.14B,$0.55B,3.89,$0.76B,$1.39B,0.55,$2.83B,$0.80B,28.09%,$2.83B,$0.39B,13.62%,$2.83B,$0.39B,13.62%,$2.83B,$0.56B,19.65%,$2.83B,$0.34B,12.10%,$2.83B,$0.05B,1.80%,$0.05B,$1.39B,3.44%,$0.05B,$1.17B,4.02%,$0.05B,$3.40B,1.48%,$0.39B,$2.15B,17.98%,$761,$534,$227,$0,$104,$638,$123,$-26,$98,$-6,$103,$103,$103,$166,$123,$144,158,$0.71,$0.65,$1150,$480,$0,$2144,$897,$0,$218,$143,$1258,$3402,$551,$759,$231,$1466,$2016,$14,$-217,$-7,$1386,$3402,$166,$84,$-105,$-21,$0,$0,$0,$-111,$-111,$38,$-68,$0,$-15,$397,$0,$397,$-1,$313,$-39,$0,$-39,$0,$0,$-22,$-18,$-79,$259,$0,$-22
2,2018-03-31,18.54,$10.51,1.76,$17.61,1.05,$3.05,6.08,$-0.07,0.0,$2.30B,$0.53B,4.34,$0.66B,$1.52B,0.43,$2.72B,$0.74B,27.36%,$2.72B,$0.35B,12.81%,$2.72B,$0.35B,12.81%,$2.72B,$0.52B,19.04%,$2.72B,$0.32B,11.82%,$2.72B,$0.00B,0.15%,$0.00B,$1.52B,0.26%,$0.00B,$1.30B,0.30%,$0.00B,$3.57B,0.12%,$0.35B,$2.17B,16.18%,$717,$511,$205,$0,$101,$613,$104,$-12,$92,$29,$63,$63,$62,$146,$104,$144,160,$0.43,$0.39,$1341,$461,$0,$2295,$907,$0,$220,$148,$1276,$3571,$529,$657,$243,$1526,$2055,$14,$-308,$53,$1515,$3571,$63,$42,$12,$54,$0,$0,$0,$-73,$-73,$47,$-28,$0,$-12,$54,$0,$54,$-1,$13,$34,$0,$34,$0,$0,$-10,$-2,$22,$92,$0,$-10
3,2017-12-31,20.61,$9.95,2.07,$17.03,1.21,$3.11,6.63,$-0.22,0.0,$2.20B,$0.56B,3.9,$0.62B,$1.43B,0.44,$2.60B,$0.70B,26.88%,$2.60B,$0.31B,11.98%,$2.60B,$0.31B,11.98%,$2.60B,$0.48B,18.43%,$2.60B,$0.28B,10.71%,$2.60B,$-0.02B,-0.81%,$-0.02B,$1.43B,-1.32%,$-0.02B,$1.22B,-1.52%,$-0.02B,$3.46B,-0.64%,$0.31B,$2.06B,14.65%,$678,$504,$174,$0,$104,$614,$64,$3,$67,$245,$-178,$-178,$-178,$107,$64,$146,146,$-1.21,$-1.15,$1295,$430,$0,$2195,$906,$0,$212,$149,$1267,$3462,$563,$623,$226,$1467,$2030,$14,$-362,$26,$1432,$3462,$-20,$168,$254,$422,$0,$0,$0,$-46,$-46,$369,$-169,$0,$0,$138,$0,$138,$-4,$-35,$0,$7,$7,$-39,$-39,$-37,$-8,$-77,$276,$0,$-37
4,2017-09-30,18.61,$11.13,1.67,$16.16,1.15,$2.85,6.53,$0.68,27.37,$2.12B,$0.49B,4.33,$0.61B,$1.60B,0.38,$2.50B,$0.66B,26.35%,$2.50B,$0.20B,8.13%,$2.50B,$0.20B,8.13%,$2.50B,$0.37B,14.78%,$2.50B,$0.17B,6.85%,$2.50B,$0.11B,4.33%,$0.11B,$1.60B,6.63%,$0.11B,$1.39B,7.67%,$0.11B,$3.33B,3.37%,$0.20B,$2.21B,9.58%,$678,$488,$190,$0,$91,$583,$95,$-9,$86,$22,$65,$65,$64,$138,$95,$146,157,$0.44,$0.41,$1244,$438,$0,$2123,$853,$0,$216,$143,$1211,$3334,$491,$610,$68,$1241,$1732,$14,$-177,$10,$1603,$3334,$158,$125,$28,$153,$0,$0,$0,$-72,$-72,$246,$-83,$0,$0,$12,$0,$12,$-7,$-78,$-5,$0,$-5,$-36,$-36,$-27,$-8,$-77,$104,$0,$-27
5,2017-06-30,16.38,$11.79,1.39,$15.78,1.04,$2.70,6.07,$0.51,32.11,$2.05B,$0.48B,4.32,$0.44B,$1.72B,0.25,$2.41B,$0.62B,25.80%,$2.41B,$0.17B,6.84%,$2.41B,$0.17B,6.84%,$2.41B,$0.33B,13.73%,$2.41B,$0.14B,5.64%,$2.41B,$0.08B,3.32%,$0.08B,$1.72B,4.83%,$0.08B,$1.51B,5.59%,$0.08B,$3.26B,2.53%,$0.17B,$2.16B,7.92%,$643,$469,$174,$0,$88,$558,$85,$-9,$76,$19,$56,$56,$56,$126,$85,$146,155,$0.38,$0.36,$1187,$419,$0,$2050,$847,$0,$219,$143,$1209,$3259,$475,$438,$65,$1060,$1535,$15,$-232,$-20,$1724,$3259,$93,$83,$23,$106,$0,$0,$0,$-74,$-74,$128,$-48,$0,$0,$37,$0,$37,$-7,$-18,$-10,$0,$-10,$1,$1,$-18,$-4,$-31,$89,$0,$-18
6,2017-03-31,16.17,$11.08,1.46,$15.58,1.04,$2.48,6.53,$0.37,43.7,$1.95B,$0.46B,4.29,$0.47B,$1.62B,0.29,$2.36B,$0.59B,25.19%,$2.36B,$0.13B,5.47%,$2.36B,$0.13B,5.47%,$2.36B,$0.30B,12.51%,$2.36B,$0.11B,4.50%,$2.36B,$0.06B,2.42%,$0.06B,$1.62B,3.46%,$0.06B,$1.40B,4.03%,$0.06B,$3.15B,1.83%,$0.13B,$2.09B,6.30%,$605,$443,$162,$0,$93,$537,$68,$-17,$50,$13,$37,$37,$37,$109,$68,$146,155,$0.25,$0.24,$1138,$401,$0,$1954,$835,$0,$222,$138,$1196,$3150,$455,$467,$62,$1075,$1530,$15,$-279,$-75,$1620,$3150,$37,$41,$16,$58,$0,$0,$0,$-53,$-53,$44,$-16,$0,$0,$-4,$0,$-4,$-6,$-26,$20,$0,$20,$0,$0,$-9,$-3,$8,$28,$0,$-9
7,2016-12-31,15.86,$10.76,1.47,$15.46,1.03,$2.30,6.89,$0.32,49.56,$1.86B,$0.46B,4.08,$0.45B,$1.57B,0.28,$2.32B,$0.57B,24.48%,$2.32B,$0.10B,4.39%,$2.32B,$0.10B,4.39%,$2.32B,$0.27B,11.53%,$2.32B,$0.09B,4.04%,$2.32B,$0.05B,2.07%,$0.05B,$1.57B,2.89%,$0.05B,$1.35B,3.36%,$0.05B,$3.08B,1.54%,$0.10B,$2.02B,4.98%,$571,$438,$132,$0,$92,$616,$-45,$4,$-41,$7,$-49,$-49,$-49,$-4,$-45,$147,151,$-0.33,$-0.33,$1098,$381,$0,$1864,$849,$0,$226,$139,$1213,$3078,$457,$446,$60,$1050,$1507,$15,$-307,$-95,$1571,$3078,$49,$166,$87,$253,$0,$0,$0,$-4,$-4,$297,$-129,$0,$0,$-23,$0,$-23,$3,$-149,$-34,$-48,$-82,$-23,$-23,$-37,$-1,$-143,$-4,$0,$-37
8,2016-09-30,13.74,$11.71,1.17,$15.44,0.89,$1.87,7.33,$-0.28,0.0,$1.92B,$0.46B,4.15,$0.36B,$1.71B,0.21,$2.31B,$0.56B,24.38%,$2.31B,$0.18B,7.67%,$2.31B,$0.18B,7.67%,$2.31B,$0.35B,14.94%,$2.31B,$0.16B,6.89%,$2.31B,$-0.04B,-1.78%,$-0.04B,$1.71B,-2.45%,$-0.04B,$1.48B,-2.85%,$-0.04B,$3.15B,-1.31%,$0.18B,$2.07B,8.60%,$592,$438,$154,$0,$94,$535,$57,$-7,$51,$14,$37,$37,$36,$100,$57,$147,150,$0.25,$0.24,$1120,$409,$0,$1918,$849,$0,$232,$150,$1231,$3149,$462,$361,$64,$977,$1439,$15,$-250,$-106,$1709,$3149,$98,$124,$9,$133,$0,$0,$0,$-13,$-13,$213,$-80,$0,$0,$19,$0,$19,$3,$-58,$-75,$-1,$-76,$-17,$-17,$-28,$-1,$-121,$36,$0,$-28
9,2016-06-30,12.02,$11.44,1.05,$15.29,0.79,$1.45,8.28,$-0.71,0.0,$1.83B,$0.44B,4.18,$0.34B,$1.68B,0.2,$2.28B,$0.54B,23.66%,$2.28B,$0.10B,4.21%,$2.28B,$0.10B,4.21%,$2.28B,$0.33B,14.44%,$2.28B,$0.08B,3.29%,$2.28B,$-0.11B,-4.61%,$-0.11B,$1.68B,-6.20%,$-0.11B,$1.44B,-7.23%,$-0.11B,$3.07B,-3.35%,$0.10B,$2.02B,4.58%,$590,$444,$146,$0,$92,$541,$49,$-3,$46,$13,$33,$33,$33,$90,$49,$148,150,$0.22,$0.22,$1021,$415,$0,$1829,$850,$0,$238,$150,$1238,$3067,$438,$335,$64,$949,$1387,$15,$-277,$-116,$1681,$3067,$61,$81,$4,$85,$0,$0,$0,$-42,$-42,$95,$-51,$0,$0,$77,$0,$77,$3,$29,$-100,$-1,$-101,$-6,$-6,$-18,$-1,$-126,$-0,$0,$-18
10,2016-03-31,11.79,$11.39,1.04,$15.24,0.77,$1.45,8.14,$-0.76,0.0,$1.89B,$0.44B,4.31,$0.40B,$1.68B,0.24,$2.28B,$0.53B,23.44%,$2.28B,$0.09B,3.99%,$2.28B,$0.09B,3.99%,$2.28B,$0.33B,14.44%,$2.28B,$0.07B,2.99%,$2.28B,$-0.11B,-4.92%,$-0.11B,$1.68B,-6.49%,$-0.11B,$1.44B,-7.64%,$-0.11B,$3.15B,-3.53%,$0.09B,$2.08B,4.23%,$571,$433,$137,$0,$90,$530,$41,$-2,$38,$10,$28,$28,$28,$82,$41,$148,151,$0.19,$0.19,$1076,$426,$0,$1889,$860,$0,$243,$155,$1258,$3147,$438,$400,$64,$1026,$1464,$15,$-301,$-96,$1683,$3147,$28,$41,$2,$43,$0,$0,$0,$-37,$-37,$21,$-20,$0,$0,$93,$0,$93,$3,$76,$-35,$-1,$-35,$0,$0,$-9,$-0,$-45,$56,$0,$-9
11,2015-12-31,11.58,$11.03,1.05,$15.34,0.75,$1.41,8.24,$-0.75,0.0,$1.89B,$0.46B,4.12,$0.44B,$1.63B,0.27,$2.30B,$0.54B,23.57%,$2.30B,$0.10B,4.26%,$2.30B,$0.10B,4.26%,$2.30B,$0.34B,14.83%,$2.30B,$0.08B,3.26%,$2.30B,$-0.11B,-4.74%,$-0.11B,$1.63B,-6.23%,$-0.11B,$1.39B,-7.41%,$-0.11B,$3.15B,-3.42%,$0.10B,$2.07B,4.47%,$556,$430,$126,$0,$86,$526,$30,$-6,$24,$162,$-138,$-138,$-138,$73,$30,$148,148,$-0.93,$-0.91,$1095,$421,$0,$1887,$865,$0,$242,$159,$1265,$3153,$458,$437,$60,$1067,$1525,$15,$-319,$-131,$1628,$3153,$-108,$243,$136,$380,$0,$0,$0,$-27,$-27,$246,$-145,$0,$-7,$-141,$0,$-141,$-5,$-297,$0,$-10,$-10,$0,$0,$-35,$-5,$-50,$-117,$0,$-35
12,2015-09-30,9.26,$12.09,0.77,$15.55,0.6,$1.65,5.61,$0.37,25.04,$1.93B,$0.45B,4.29,$0.43B,$1.78B,0.24,$2.36B,$0.56B,23.78%,$2.36B,$0.11B,4.71%,$2.36B,$0.11B,4.71%,$2.36B,$0.36B,15.24%,$2.36B,$0.09B,3.78%,$2.36B,$0.06B,2.46%,$0.06B,$1.78B,3.22%,$0.06B,$1.54B,3.87%,$0.06B,$3.17B,1.80%,$0.11B,$2.22B,4.94%,$561,$431,$130,$0,$89,$585,$-24,$-9,$-33,$-5,$-28,$-28,$-28,$84,$-24,$148,148,$-0.19,$-0.19,$1079,$447,$0,$1934,$849,$0,$246,$143,$1238,$3172,$451,$432,$66,$937,$1388,$15,$-173,$-121,$1784,$3172,$30,$200,$-17,$183,$0,$0,$0,$-58,$-58,$154,$-85,$0,$0,$-200,$0,$-200,$-4,$-289,$-27,$-0,$-27,$0,$0,$-27,$-1,$-54,$-202,$0,$-27
13,2015-06-30,11.1,$12.29,0.9,$15.86,0.7,$1.89,5.88,$0.73,15.2,$1.92B,$0.45B,4.27,$0.43B,$1.81B,0.24,$2.43B,$0.59B,24.18%,$2.43B,$0.18B,7.40%,$2.43B,$0.18B,7.40%,$2.43B,$0.37B,15.09%,$2.43B,$0.16B,6.62%,$2.43B,$0.11B,4.65%,$0.11B,$1.81B,6.24%,$0.11B,$1.50B,7.61%,$0.11B,$3.22B,3.46%,$0.18B,$2.24B,7.89%,$590,$449,$141,$0,$92,$546,$44,$-6,$39,$12,$27,$27,$26,$90,$44,$148,152,$0.18,$0.17,$1062,$441,$0,$1915,$848,$0,$315,$141,$1304,$3219,$448,$427,$68,$957,$1405,$15,$-136,$-127,$1813,$3219,$57,$92,$-0,$92,$0,$0,$0,$-56,$-56,$92,$-48,$0,$0,$-93,$0,$-93,$1,$-140,$-30,$-0,$-30,$0,$0,$-18,$-1,$-48,$-109,$0,$-18
14,2015-03-31,13.07,$12.06,1.08,$16.12,0.81,$1.90,6.87,$0.79,16.54,$1.90B,$0.44B,4.3,$0.47B,$1.78B,0.27,$2.48B,$0.61B,24.60%,$2.48B,$0.19B,7.81%,$2.48B,$0.19B,7.81%,$2.48B,$0.38B,15.26%,$2.48B,$0.17B,7.00%,$2.48B,$0.12B,4.95%,$0.12B,$1.78B,6.69%,$0.12B,$1.46B,7.97%,$0.12B,$3.21B,3.73%,$0.19B,$2.25B,8.45%,$593,$448,$145,$0,$96,$546,$48,$-3,$45,$14,$31,$31,$31,$94,$48,$148,153,$0.21,$0.20,$1056,$427,$0,$1895,$852,$0,$322,$143,$1317,$3212,$441,$471,$66,$992,$1433,$15,$-154,$-143,$1779,$3212,$31,$46,$5,$51,$0,$0,$0,$-62,$-62,$13,$-19,$0,$0,$-61,$0,$-61,$1,$-79,$15,$-0,$15,$0,$0,$-9,$0,$6,$-75,$0,$-9
15,2014-12-31,13.32,$12.42,1.07,$16.18,0.82,$2.01,6.61,$0.76,17.53,$1.91B,$0.45B,4.27,$0.44B,$1.83B,0.24,$2.49B,$0.61B,24.51%,$2.49B,$0.19B,7.58%,$2.49B,$0.19B,7.58%,$2.49B,$0.37B,14.92%,$2.49B,$0.17B,6.70%,$2.49B,$0.12B,4.73%,$0.12B,$1.83B,6.32%,$0.12B,$1.50B,7.32%,$0.12B,$3.27B,3.57%,$0.19B,$2.28B,8.22%,$611,$467,$144,$0,$98,$568,$43,$-5,$38,$9,$29,$29,$29,$91,$43,$148,154,$0.21,$0.20,$1107,$425,$0,$1909,$898,$0,$331,$136,$1366,$3274,$447,$444,$77,$996,$1443,$15,$-175,$-69,$1831,$3274,$118,$183,$36,$220,$-1,$-24,$9,$-23,$-38,$297,$-154,$0,$-198,$3,$0,$3,$1,$-348,$-0,$86,$86,$0,$0,$-35,$-23,$28,$-48,$0,$-35
16,2014-09-30,13.4,$12.36,1.08,$16.28,0.82,$2.03,6.59,$0.77,17.4,$2.00B,$0.47B,4.25,$0.53B,$1.82B,0.29,$2.50B,$0.61B,24.46%,$2.50B,$0.19B,7.73%,$2.50B,$0.19B,7.73%,$2.50B,$0.37B,14.93%,$2.50B,$0.17B,6.81%,$2.50B,$0.12B,4.76%,$0.12B,$1.82B,6.33%,$0.12B,$1.48B,7.16%,$0.12B,$3.38B,3.61%,$0.19B,$2.35B,8.43%,$638,$480,$158,$0,$94,$593,$45,$-7,$39,$12,$27,$27,$27,$92,$45,$148,156,$0.18,$0.17,$1113,$450,$0,$1996,$886,$0,$341,$153,$1380,$3377,$470,$532,$101,$1084,$1554,$15,$-196,$12,$1822,$3377,$89,$135,$37,$173,$0,$0,$0,$-62,$-62,$197,$-88,$0,$-198,$-5,$0,$-5,$2,$-289,$73,$0,$73,$0,$0,$-27,$-2,$45,$-65,$0,$-27
17,2014-06-30,14.47,$13.01,1.11,$16.15,0.9,$1.94,7.46,$0.82,17.64,$2.07B,$0.46B,4.52,$0.39B,$1.92B,0.2,$2.46B,$0.60B,24.20%,$2.46B,$0.20B,8.16%,$2.46B,$0.20B,8.16%,$2.46B,$0.38B,15.31%,$2.46B,$0.18B,7.27%,$2.46B,$0.13B,5.08%,$0.13B,$1.92B,6.68%,$0.13B,$1.74B,7.37%,$0.13B,$3.31B,3.86%,$0.20B,$2.31B,8.97%,$642,$478,$164,$0,$97,$584,$58,$-6,$52,$16,$36,$36,$36,$102,$58,$148,154,$0.24,$0.23,$1174,$459,$0,$2070,$900,$0,$179,$160,$1239,$3310,$458,$387,$104,$933,$1391,$15,$-214,$57,$1919,$3310,$62,$89,$10,$99,$0,$0,$0,$-63,$-63,$99,$-52,$0,$-21,$-7,$0,$-7,$1,$-79,$20,$0,$20,$0,$0,$-18,$-1,$2,$19,$0,$-18
18,2014-03-31,13.84,$12.86,1.08,$15.92,0.87,$1.96,7.06,$0.80,17.31,$2.02B,$0.45B,4.5,$0.36B,$1.90B,0.19,$2.42B,$0.58B,23.77%,$2.42B,$0.20B,8.06%,$2.42B,$0.20B,8.06%,$2.42B,$0.37B,15.30%,$2.42B,$0.17B,7.19%,$2.42B,$0.12B,4.96%,$0.12B,$1.90B,6.62%,$0.12B,$1.73B,7.33%,$0.12B,$3.25B,3.77%,$0.20B,$2.26B,8.93%,$602,$457,$145,$0,$96,$560,$43,$-5,$38,$12,$26,$26,$26,$87,$43,$148,153,$0.17,$0.17,$1150,$452,$0,$2024,$905,$0,$169,$154,$1229,$3253,$450,$362,$101,$907,$1357,$15,$-241,$63,$1897,$3253,$26,$44,$4,$49,$0,$0,$0,$-47,$-47,$30,$-18,$0,$0,$22,$0,$22,$0,$4,$-4,$0,$-4,$0,$0,$-9,$-0,$-13,$21,$0,$-9
19,2013-12-31,12.28,$12.75,0.96,$15.65,0.78,$1.91,6.43,$0.82,14.98,$1.98B,$0.45B,4.41,$0.37B,$1.88B,0.19,$2.37B,$0.57B,23.91%,$2.37B,$0.20B,8.35%,$2.37B,$0.20B,8.35%,$2.37B,$0.37B,15.65%,$2.37B,$0.18B,7.42%,$2.37B,$0.12B,5.19%,$0.12B,$1.88B,7.04%,$0.12B,$1.71B,7.83%,$0.12B,$3.24B,3.94%,$0.20B,$2.24B,9.31%,$616,$472,$144,$0,$95,$569,$47,$-6,$41,$11,$30,$30,$30,$92,$47,$145,151,$0.20,$0.19,$1152,$433,$0,$1981,$927,$0,$173,$157,$1256,$3237,$449,$365,$99,$910,$1359,$15,$-258,$62,$1878,$3237,$124,$174,$12,$185,$0,$0,$0,$-10,$-10,$292,$-148,$0,$-23,$-199,$0,$-199,$-0,$-371,$-0,$25,$25,$0,$0,$0,$-8,$17,$-57,$0,$0
20,2013-09-30,11.94,$12.18,0.98,$14.99,0.8,$1.91,6.26,$0.76,15.71,$1.95B,$0.44B,4.4,$0.36B,$1.79B,0.2,$2.29B,$0.53B,23.27%,$2.29B,$0.17B,7.57%,$2.29B,$0.17B,7.57%,$2.29B,$0.35B,15.09%,$2.29B,$0.15B,6.65%,$2.29B,$0.11B,4.99%,$0.11B,$1.79B,6.77%,$0.11B,$1.62B,7.55%,$0.11B,$3.17B,3.72%,$0.17B,$2.15B,8.35%,$603,$460,$143,$0,$90,$550,$53,$-5,$48,$15,$33,$33,$33,$96,$53,$145,152,$0.23,$0.22,$1091,$449,$0,$1947,$903,$0,$177,$141,$1221,$3169,$443,$360,$106,$931,$1374,$15,$-288,$9,$1794,$3169,$93,$128,$15,$143,$0,$0,$0,$-45,$-45,$180,$-88,$0,$-23,$-140,$0,$-140,$1,$-250,$21,$-0,$21,$0,$0,$0,$-4,$16,$-53,$0,$0
21,2013-06-30,12.87,$11.68,1.1,$14.83,0.87,$2.01,6.39,$0.69,18.65,$1.89B,$0.44B,4.34,$0.41B,$1.68B,0.24,$2.26B,$0.52B,23.18%,$2.26B,$0.16B,7.27%,$2.26B,$0.16B,7.27%,$2.26B,$0.34B,14.89%,$2.26B,$0.15B,6.43%,$2.26B,$0.10B,4.57%,$0.10B,$1.68B,6.27%,$0.10B,$1.50B,7.01%,$0.10B,$3.09B,3.41%,$0.16B,$2.08B,8.05%,$598,$455,$143,$0,$93,$546,$52,$-5,$47,$15,$31,$31,$31,$95,$52,$144,152,$0.22,$0.21,$1028,$445,$0,$1887,$889,$0,$181,$133,$1203,$3090,$435,$405,$106,$979,$1413,$14,$-320,$-19,$1677,$3090,$61,$85,$10,$95,$0,$0,$0,$-57,$-57,$94,$-44,$0,$-23,$-171,$0,$-171,$1,$-237,$11,$1,$12,$0,$0,$0,$0,$12,$-136,$0,$0
22,2013-03-31,12.61,$11.39,1.11,$14.59,0.86,$2.02,6.25,$0.77,16.38,$1.80B,$0.40B,4.55,$0.40B,$1.64B,0.24,$2.25B,$0.53B,23.51%,$2.25B,$0.19B,8.24%,$2.25B,$0.19B,8.24%,$2.25B,$0.36B,15.85%,$2.25B,$0.16B,7.26%,$2.25B,$0.12B,5.25%,$0.12B,$1.64B,7.29%,$0.12B,$1.46B,8.15%,$0.12B,$3.00B,3.93%,$0.19B,$2.03B,9.12%,$554,$418,$137,$0,$91,$509,$46,$-5,$40,$11,$29,$29,$29,$88,$46,$144,151,$0.20,$0.19,$985,$419,$0,$1803,$887,$0,$171,$136,$1195,$2998,$397,$395,$113,$966,$1363,$14,$-352,$-32,$1635,$2998,$29,$42,$4,$47,$0,$0,$0,$-55,$-55,$23,$-19,$0,$0,$-61,$0,$-61,$1,$-80,$1,$0,$1,$0,$0,$0,$0,$1,$-65,$0,$0
23,2012-12-31,9.85,$11.36,0.87,$14.20,0.69,$2.04,4.82,$0.79,12.47,$1.79B,$0.41B,4.35,$0.39B,$1.63B,0.24,$2.23B,$0.53B,23.67%,$2.23B,$0.19B,8.47%,$2.23B,$0.19B,8.47%,$2.23B,$0.36B,16.18%,$2.23B,$0.17B,7.62%,$2.23B,$0.12B,5.51%,$0.12B,$1.63B,7.56%,$0.12B,$1.46B,8.46%,$0.12B,$3.02B,4.09%,$0.19B,$2.02B,9.29%,$531,$422,$109,$0,$87,$509,$22,$-5,$17,$-4,$21,$21,$21,$66,$22,$149,156,$0.14,$0.14,$993,$408,$0,$1791,$915,$0,$169,$142,$1225,$3016,$412,$393,$109,$976,$1388,$14,$-381,$-10,$1628,$3016,$124,$172,$-11,$161,$0,$0,$0,$-5,$-5,$287,$-140,$0,$-85,$-42,$0,$-42,$-2,$-269,$150,$-66,$84,$-150,$-150,$0,$-6,$-72,$-51,$0,$0
24,2012-09-30,9.11,$11.39,0.8,$14.07,0.65,$2.34,3.89,$0.84,10.84,$1.80B,$0.43B,4.19,$0.39B,$1.63B,0.24,$2.25B,$0.55B,24.21%,$2.25B,$0.20B,8.93%,$2.25B,$0.20B,8.93%,$2.25B,$0.37B,16.61%,$2.25B,$0.18B,8.17%,$2.25B,$0.13B,5.91%,$0.13B,$1.63B,8.20%,$0.13B,$1.46B,9.09%,$0.13B,$2.99B,4.43%,$0.20B,$2.02B,9.89%,$573,$439,$134,$0,$89,$528,$44,$-3,$41,$19,$22,$22,$22,$87,$44,$143,150,$0.16,$0.15,$941,$428,$0,$1795,$886,$0,$172,$136,$1194,$2988,$429,$389,$111,$927,$1356,$14,$-402,$14,$1632,$2988,$102,$127,$3,$130,$0,$0,$0,$-57,$-57,$186,$-79,$0,$-85,$-54,$0,$-54,$-0,$-219,$81,$-0,$81,$-150,$-150,$0,$-5,$-74,$-112,$0,$0
25,2012-06-30,8.74,$11.01,0.79,$14.14,0.62,$2.85,3.06,$1.00,8.74,$1.82B,$0.41B,4.45,$0.46B,$1.58B,0.29,$2.32B,$0.58B,24.96%,$2.32B,$0.23B,10.02%,$2.32B,$0.23B,10.02%,$2.32B,$0.41B,17.57%,$2.32B,$0.22B,9.28%,$2.32B,$0.16B,6.95%,$0.16B,$1.58B,9.89%,$0.16B,$1.40B,10.87%,$0.16B,$3.01B,5.31%,$0.23B,$2.04B,11.34%,$588,$441,$148,$0,$87,$515,$73,$-8,$65,$19,$46,$46,$46,$115,$73,$152,159,$0.30,$0.29,$948,$435,$0,$1822,$873,$0,$175,$138,$1186,$3008,$409,$462,$114,$1021,$1430,$14,$-424,$-17,$1578,$3008,$80,$85,$-3,$82,$0,$0,$0,$-76,$-76,$94,$-41,$0,$-85,$6,$0,$6,$-1,$-121,$155,$-0,$155,$-150,$-150,$0,$-5,$0,$-40,$0,$0
26,2012-03-31,11.27,$10.62,1.06,$14.61,0.77,$3.28,3.44,$1.19,9.47,$1.80B,$0.41B,4.38,$0.39B,$1.67B,0.23,$2.44B,$0.64B,26.33%,$2.44B,$0.28B,11.28%,$2.44B,$0.28B,11.28%,$2.44B,$0.45B,18.62%,$2.44B,$0.26B,10.71%,$2.44B,$0.20B,8.08%,$0.20B,$1.67B,11.98%,$0.20B,$1.49B,13.00%,$0.20B,$3.02B,6.41%,$0.28B,$2.06B,13.40%,$539,$402,$137,$0,$86,$488,$50,$-3,$47,$13,$34,$34,$34,$93,$50,$157,164,$0.22,$0.21,$923,$441,$0,$1797,$901,$0,$179,$141,$1221,$3018,$411,$389,$119,$937,$1348,$16,$-470,$30,$1670,$3018,$34,$43,$4,$47,$0,$0,$0,$-60,$-60,$23,$-14,$0,$-86,$117,$0,$117,$0,$18,$-10,$0,$-10,$0,$0,$0,$0,$-10,$37,$0,$0
27,2011-12-31,8.33,$10.23,0.81,$15.28,0.55,$3.68,2.26,$1.41,5.91,$1.83B,$0.44B,4.16,$0.40B,$1.61B,0.25,$2.59B,$0.72B,27.76%,$2.59B,$0.35B,13.38%,$2.59B,$0.35B,13.38%,$2.59B,$0.53B,20.39%,$2.59B,$0.33B,12.80%,$2.59B,$0.24B,9.18%,$0.24B,$1.61B,14.57%,$0.24B,$1.50B,15.63%,$0.24B,$2.99B,7.68%,$0.35B,$2.01B,16.90%,$551,$426,$126,$0,$92,$518,$34,$-3,$31,$-0,$31,$31,$31,$79,$34,$160,169,$0.20,$0.20,$998,$418,$0,$1831,$908,$0,$113,$142,$1163,$2994,$440,$399,$117,$946,$1386,$16,$-503,$4,$1608,$2994,$240,$182,$23,$205,$0,$0,$0,$-53,$-53,$376,$-166,$0,$-19,$-270,$2,$-268,$1,$-453,$149,$-85,$64,$-140,$-140,$0,$-5,$-81,$-148,$0,$0
28,2011-09-30,7.75,$10.52,0.74,$15.63,0.5,$4.55,1.7,$2.03,3.82,$1.97B,$0.50B,3.92,$0.42B,$1.65B,0.26,$2.73B,$0.81B,29.50%,$2.73B,$0.43B,15.89%,$2.73B,$0.43B,15.89%,$2.73B,$0.62B,22.58%,$2.73B,$0.42B,15.19%,$2.73B,$0.35B,12.96%,$0.35B,$1.65B,22.04%,$0.35B,$1.54B,23.69%,$0.35B,$3.12B,11.46%,$0.43B,$2.08B,21.34%,$638,$470,$167,$0,$90,$562,$75,$-4,$72,$21,$51,$51,$50,$120,$75,$157,164,$0.32,$0.31,$1035,$457,$0,$1974,$889,$0,$117,$138,$1145,$3118,$504,$423,$128,$961,$1465,$16,$-534,$80,$1653,$3118,$209,$137,$14,$151,$0,$0,$0,$-74,$-74,$288,$-88,$0,$-19,$-338,$0,$-338,$2,$-443,$149,$-60,$89,$-140,$-140,$0,$-4,$-55,$-192,$0,$0
29,2011-06-30,13.93,$10.47,1.33,$15.33,0.91,$4.67,2.98,$2.19,6.36,$2.00B,$0.53B,3.75,$0.42B,$1.65B,0.26,$2.79B,$0.86B,30.74%,$2.79B,$0.49B,17.58%,$2.79B,$0.49B,17.58%,$2.79B,$0.67B,24.10%,$2.79B,$0.47B,16.75%,$2.79B,$0.39B,14.13%,$0.39B,$1.65B,24.92%,$0.39B,$1.54B,26.83%,$0.39B,$3.16B,13.13%,$0.49B,$2.07B,25.02%,$710,$498,$212,$0,$93,$594,$116,$-5,$111,$28,$82,$82,$82,$162,$116,$161,171,$0.51,$0.48,$1007,$476,$0,$2002,$906,$0,$107,$143,$1155,$3157,$534,$422,$133,$976,$1510,$16,$-585,$127,$1646,$3157,$158,$92,$10,$101,$0,$0,$0,$-83,$-83,$174,$-44,$0,$0,$-309,$0,$-309,$0,$-352,$150,$-60,$90,$-142,$-142,$0,$-4,$-56,$-205,$0,$0
30,2011-03-31,16.44,$9.84,1.67,$14.81,1.11,$4.58,3.59,$2.11,7.79,$1.96B,$0.54B,3.64,$0.43B,$1.63B,0.27,$2.78B,$0.86B,30.79%,$2.78B,$0.48B,17.09%,$2.78B,$0.48B,17.09%,$2.78B,$0.66B,23.74%,$2.78B,$0.46B,16.58%,$2.78B,$0.39B,13.99%,$0.39B,$1.63B,24.94%,$0.39B,$1.52B,27.03%,$0.39B,$3.12B,13.38%,$0.48B,$2.06B,25.11%,$695,$480,$215,$0,$92,$573,$122,$-5,$118,$42,$76,$76,$75,$168,$122,$165,176,$0.46,$0.43,$1008,$460,$0,$1956,$913,$0,$111,$139,$1163,$3119,$538,$432,$137,$952,$1489,$17,$-667,$109,$1629,$3119,$76,$45,$4,$50,$0,$0,$0,$-33,$-33,$98,$-17,$0,$0,$-339,$0,$-339,$-0,$-357,$0,$0,$0,$7,$7,$0,$-0,$7,$-229,$0,$0
31,2010-12-31,13.6,$9.08,1.5,$14.17,0.96,$4.38,3.1,$1.92,7.08,$1.80B,$0.53B,3.4,$0.43B,$1.50B,0.29,$2.73B,$0.81B,29.65%,$2.73B,$0.42B,15.34%,$2.73B,$0.42B,15.34%,$2.73B,$0.61B,22.31%,$2.73B,$0.41B,14.90%,$2.73B,$0.36B,13.17%,$0.36B,$1.50B,23.35%,$0.36B,$1.38B,25.50%,$0.36B,$2.97B,12.75%,$0.42B,$1.93B,22.82%,$689,$477,$212,$0,$91,$568,$121,$-6,$114,$-33,$148,$148,$147,$167,$121,$184,190,$0.83,$0.78,$897,$428,$0,$1795,$912,$0,$114,$146,$1172,$2966,$527,$432,$137,$942,$1469,$16,$-742,$60,$1497,$2966,$360,$190,$-11,$178,$-89,$-54,$60,$86,$2,$545,$-144,$0,$0,$0,$0,$0,$13,$-132,$170,$116,$286,$-275,$-275,$0,$-86,$-76,$318,$0,$0
32,2010-09-30,8.97,$9.41,0.95,$13.80,0.65,$3.59,2.49,$1.26,7.12,$1.65B,$0.56B,2.94,$0.22B,$1.55B,0.14,$2.64B,$0.73B,27.73%,$2.64B,$0.33B,12.56%,$2.64B,$0.33B,12.56%,$2.64B,$0.54B,20.24%,$2.64B,$0.33B,12.37%,$2.64B,$0.24B,9.08%,$0.24B,$1.55B,15.55%,$0.24B,$1.43B,17.09%,$0.24B,$2.76B,8.71%,$0.33B,$1.77B,18.34%,$694,$476,$218,$0,$87,$563,$131,$-7,$124,$33,$90,$90,$90,$175,$131,$187,193,$0.48,$0.47,$745,$426,$0,$1647,$902,$0,$119,$93,$1115,$2762,$560,$222,$134,$650,$1210,$19,$-889,$98,$1552,$2762,$213,$144,$17,$161,$0,$0,$0,$-78,$-78,$339,$-79,$0,$0,$0,$0,$0,$14,$-66,$-26,$1,$-25,$0,$0,$0,$-72,$-97,$166,$0,$0
33,2010-06-30,6.49,$8.36,0.78,$13.02,0.5,$3.08,2.11,$0.80,8.11,$1.60B,$0.55B,2.94,$0.24B,$1.56B,0.16,$2.47B,$0.62B,25.02%,$2.47B,$0.21B,8.57%,$2.47B,$0.21B,8.57%,$2.47B,$0.43B,17.38%,$2.47B,$0.21B,8.57%,$2.47B,$0.15B,6.14%,$0.15B,$1.56B,9.93%,$0.15B,$1.42B,11.00%,$0.15B,$2.78B,5.53%,$0.21B,$1.80B,11.63%,$702,$491,$211,$0,$109,$600,$101,$4,$105,$28,$77,$77,$77,$150,$101,$187,193,$0.41,$0.40,$675,$450,$0,$1604,$927,$0,$138,$112,$1177,$2781,$545,$244,$134,$676,$1221,$19,$-801,$18,$1560,$2781,$123,$99,$10,$110,$0,$0,$0,$-68,$-68,$178,$-49,$0,$0,$0,$0,$0,$15,$-34,$-14,$1,$-14,$0,$0,$0,$-1,$-15,$95,$0,$0
34,2010-03-31,8.58,$8.25,1.04,$11.85,0.72,$2.68,3.2,$0.08,107.19,$1.50B,$0.48B,3.11,$0.28B,$1.54B,0.18,$2.23B,$0.49B,21.82%,$2.23B,$0.06B,2.87%,$2.23B,$0.06B,2.87%,$2.23B,$0.29B,12.95%,$2.23B,$0.05B,2.33%,$2.23B,$0.02B,0.72%,$0.02B,$1.54B,1.06%,$0.02B,$1.39B,1.18%,$0.02B,$2.76B,0.59%,$0.06B,$1.82B,3.51%,$640,$473,$167,$0,$102,$575,$65,$-2,$63,$17,$46,$46,$45,$116,$65,$187,193,$0.24,$0.24,$613,$443,$0,$1501,$967,$0,$146,$141,$1254,$2755,$482,$281,$149,$733,$1215,$19,$-877,$76,$1540,$2755,$46,$50,$6,$56,$0,$0,$0,$-39,$-39,$68,$-18,$0,$0,$0,$0,$0,$0,$-18,$-2,$0,$-2,$0,$0,$0,$-1,$-2,$34,$0,$0
35,2009-12-31,7.0,$8.15,0.86,$10.94,0.64,$2.65,2.64,$-0.32,0.0,$1.41B,$0.41B,3.45,$0.32B,$1.52B,0.21,$2.04B,$0.39B,19.00%,$2.04B,$-0.04B,-1.91%,$2.04B,$-0.04B,-1.91%,$2.04B,$0.19B,9.26%,$2.04B,$-0.04B,-1.91%,$2.04B,$-0.06B,-2.84%,$-0.06B,$1.52B,-3.88%,$-0.06B,$1.37B,-4.35%,$-0.06B,$2.72B,-2.15%,$-0.04B,$1.84B,-2.14%,$607,$470,$137,$0,$98,$572,$35,$0,$35,$6,$29,$29,$28,$94,$35,$187,187,$0.16,$0.16,$579,$435,$0,$1408,$1010,$0,$154,$148,$1312,$2720,$408,$320,$153,$790,$1198,$19,$-923,$103,$1522,$2720,$-57,$229,$16,$244,$0,$0,$0,$109,$109,$290,$-44,$0,$28,$0,$0,$0,$1,$-14,$-14,$-11,$-25,$0,$0,$0,$-1,$-26,$255,$0,$0
36,2009-09-30,6.62,$8.05,0.82,$10.78,0.61,$2.05,3.23,$-3.97,0.0,$1.38B,$0.41B,3.35,$0.32B,$1.50B,0.21,$2.01B,$0.34B,16.72%,$2.01B,$-0.68B,-33.88%,$2.01B,$-0.68B,-33.88%,$2.01B,$0.11B,5.57%,$2.01B,$-0.69B,-34.08%,$2.01B,$-0.74B,-36.72%,$-0.74B,$1.50B,-49.13%,$-0.74B,$1.34B,-55.31%,$-0.74B,$2.73B,-27.14%,$-0.68B,$1.83B,-37.15%,$525,$421,$104,$0,$90,$514,$11,$-2,$9,$6,$3,$3,$2,$70,$11,$187,187,$0.01,$0.01,$508,$448,$0,$1377,$1052,$0,$161,$144,$1357,$2734,$412,$322,$155,$819,$1231,$19,$-951,$113,$1503,$2734,$-85,$170,$22,$191,$0,$0,$0,$72,$72,$179,$-24,$0,$28,$0,$0,$0,$0,$4,$-0,$-11,$-11,$0,$0,$0,$-0,$-11,$184,$0,$0
37,2009-06-30,5.69,$7.85,0.72,$11.93,0.48,$1.78,3.2,$-5.66,0.0,$1.27B,$0.36B,3.48,$0.33B,$1.47B,0.23,$2.22B,$0.39B,17.63%,$2.22B,$-1.01B,-45.59%,$2.22B,$-1.01B,-45.59%,$2.22B,$0.11B,4.77%,$2.22B,$-1.02B,-45.68%,$2.22B,$-1.04B,-46.81%,$-1.04B,$1.47B,-61.04%,$-1.04B,$1.30B,-75.03%,$-1.04B,$2.65B,-35.27%,$-1.01B,$1.80B,-49.72%,$460,$381,$79,$0,$84,$507,$-47,$-8,$-55,$4,$-59,$-59,$-59,$9,$-47,$187,187,$-0.32,$-0.32,$394,$470,$0,$1267,$1079,$0,$163,$145,$1388,$2654,$364,$334,$153,$824,$1189,$19,$-954,$78,$1466,$2654,$-88,$110,$14,$124,$0,$0,$0,$41,$41,$69,$-18,$0,$28,$0,$0,$0,$0,$11,$-0,$-11,$-11,$0,$0,$0,$-0,$-11,$70,$0,$0
38,2009-03-31,2.92,$7.99,0.37,$13.62,0.21,$1.77,1.65,$-9.32,0.0,$1.26B,$0.41B,3.1,$0.33B,$1.49B,0.22,$2.54B,$0.49B,19.42%,$2.54B,$-1.72B,-67.65%,$2.54B,$-1.72B,-67.65%,$2.54B,$0.18B,7.09%,$2.54B,$-1.72B,-67.73%,$2.54B,$-1.73B,-68.16%,$-1.73B,$1.49B,-86.16%,$-1.73B,$1.32B,-118.41%,$-1.73B,$2.67B,-51.36%,$-1.72B,$1.82B,-73.24%,$450,$381,$68,$0,$87,$488,$-38,$10,$-28,$1,$-29,$-29,$-29,$16,$-38,$187,187,$-0.16,$-0.16,$365,$505,$0,$1262,$1103,$0,$168,$138,$1410,$2672,$407,$334,$113,$775,$1182,$19,$-895,$44,$1490,$2672,$-29,$55,$6,$61,$0,$0,$0,$43,$43,$53,$-11,$0,$0,$0,$0,$0,$0,$-11,$15,$-11,$4,$0,$0,$0,$-0,$4,$41,$0,$0
39,2008-12-31,2.87,$8.31,0.35,$15.14,0.19,$1.61,1.78,$-9.29,0.0,$1.33B,$0.46B,2.88,$0.33B,$1.55B,0.22,$2.82B,$0.60B,21.16%,$2.82B,$-1.65B,-58.42%,$2.82B,$-1.65B,-58.42%,$2.82B,$0.26B,9.07%,$2.82B,$-1.67B,-59.31%,$2.82B,$-1.73B,-61.40%,$-1.73B,$1.55B,-69.58%,$-1.73B,$1.37B,-114.53%,$-1.73B,$2.82B,-43.53%,$-1.65B,$1.88B,-56.95%,$575,$490,$85,$0,$98,$1183,$-607,$-3,$-611,$36,$-647,$-647,$-652,$17,$-607,$186,186,$-3.50,$-3.50,$324,$538,$0,$1329,$1162,$0,$178,$147,$1487,$2816,$462,$334,$123,$804,$1266,$19,$-866,$76,$1550,$2816,$-1732,$1904,$100,$2004,$0,$0,$0,$-30,$-30,$268,$-134,$0,$-74,$0,$0,$0,$0,$-208,$-391,$136,$-255,$1,$1,$0,$-1,$-255,$-213,$0,$0
40,2008-09-30,5.55,$12.41,0.45,$15.84,0.35,$1.73,3.2,$-5.76,0.0,$1.51B,$0.59B,2.57,$0.33B,$2.32B,0.14,$2.98B,$0.68B,22.82%,$2.98B,$-1.01B,-33.77%,$2.98B,$-1.01B,-33.77%,$2.98B,$0.36B,11.93%,$2.98B,$-1.05B,-35.38%,$2.98B,$-1.10B,-36.90%,$-1.10B,$2.32B,-37.33%,$-1.10B,$1.56B,-71.24%,$-1.10B,$3.66B,-24.27%,$-1.01B,$2.65B,-29.44%,$739,$580,$160,$0,$113,$1061,$-322,$-0,$-322,$-21,$-301,$-301,$-301,$64,$-322,$186,186,$-1.62,$-1.62,$312,$562,$0,$1511,$1183,$0,$760,$209,$2152,$3663,$587,$334,$128,$760,$1347,$19,$-154,$196,$2316,$3663,$-1079,$1280,$65,$1345,$0,$0,$0,$-77,$-77,$192,$-88,$0,$-74,$0,$0,$0,$0,$-162,$-378,$127,$-252,$0,$0,$0,$-1,$-252,$-225,$0,$0
41,2008-06-30,7.44,$14.36,0.52,$15.66,0.47,$1.72,4.32,$-3.89,0.0,$1.85B,$0.85B,2.16,$0.34B,$2.68B,0.13,$2.97B,$0.69B,23.39%,$2.97B,$-0.63B,-21.20%,$2.97B,$-0.63B,-21.20%,$2.97B,$0.40B,13.45%,$2.97B,$-0.68B,-22.99%,$2.97B,$-0.76B,-25.68%,$-0.76B,$2.68B,-23.91%,$-0.76B,$1.60B,-50.21%,$-0.76B,$4.32B,-15.73%,$-0.63B,$3.02B,-16.87%,$774,$595,$180,$0,$121,$1525,$-750,$-8,$-758,$-10,$-748,$-748,$-748,$83,$-750,$186,186,$-4.01,$-4.01,$586,$589,$0,$1846,$1218,$0,$1081,$178,$2477,$4323,$853,$344,$132,$793,$1646,$19,$159,$244,$2676,$4323,$-778,$893,$60,$953,$0,$0,$0,$-71,$-71,$104,$-54,$0,$-5,$0,$0,$0,$0,$-58,$-5,$0,$-5,$0,$0,$0,$-1,$-6,$48,$0,$0
42,2008-03-31,7.59,$18.33,0.41,$15.23,0.5,$1.56,4.86,$0.30,25.31,$1.83B,$0.63B,2.92,$0.61B,$3.42B,0.18,$2.91B,$0.69B,23.79%,$2.91B,$0.18B,6.26%,$2.91B,$0.18B,6.26%,$2.91B,$0.43B,14.82%,$2.91B,$0.13B,4.61%,$2.91B,$0.03B,0.93%,$0.03B,$3.42B,0.81%,$0.03B,$1.53B,1.84%,$0.03B,$5.11B,0.54%,$0.18B,$4.02B,4.63%,$733,$561,$172,$0,$119,$702,$31,$-13,$18,$6,$12,$12,$-31,$92,$31,$186,187,$-0.16,$-0.16,$573,$580,$10,$1827,$1236,$0,$1889,$162,$3287,$5114,$626,$607,$138,$1073,$1699,$19,$901,$242,$3415,$5114,$-30,$61,$52,$113,$0,$0,$0,$-44,$-44,$38,$-25,$0,$0,$0,$0,$0,$0,$-25,$-0,$0,$0,$0,$0,$0,$-0,$-0,$35,$0,$0
43,2007-12-31,9.56,$18.01,0.53,$14.36,0.67,$1.46,6.53,$0.68,14.06,$1.74B,$0.60B,2.92,$0.61B,$3.36B,0.18,$2.83B,$0.70B,24.52%,$2.83B,$0.22B,7.73%,$2.83B,$0.22B,7.73%,$2.83B,$0.46B,16.13%,$2.83B,$0.18B,6.42%,$2.83B,$0.11B,3.81%,$0.11B,$3.36B,3.32%,$0.11B,$1.49B,7.35%,$0.11B,$5.00B,2.22%,$0.22B,$3.96B,5.67%,$730,$563,$167,$0,$110,$694,$36,$-26,$9,$21,$-12,$-11,$-18,$116,$36,$186,192,$-0.10,$-0.08,$537,$555,$29,$1743,$1221,$0,$1869,$162,$3252,$4995,$597,$607,$123,$1042,$1638,$19,$926,$160,$3357,$4995,$109,$238,$62,$300,$0,$26,$0,$-77,$-52,$355,$-193,$0,$-313,$0,$0,$0,$-9,$-515,$-4,$-2,$-6,$21,$21,$0,$-1,$14,$-134,$0,$0
44,2007-09-30,10.92,$17.70,0.62,$13.59,0.8,$1.46,7.49,$0.79,13.83,$1.75B,$0.59B,2.98,$0.61B,$3.30B,0.18,$2.74B,$0.68B,24.94%,$2.74B,$0.22B,8.11%,$2.74B,$0.22B,8.11%,$2.74B,$0.43B,15.81%,$2.74B,$0.21B,7.59%,$2.74B,$0.15B,5.55%,$0.15B,$3.30B,4.77%,$0.15B,$1.46B,10.42%,$0.15B,$4.95B,3.18%,$0.22B,$3.91B,5.85%,$730,$555,$175,$0,$111,$675,$54,$-5,$49,$12,$38,$37,$35,$108,$54,$186,193,$0.19,$0.19,$477,$555,$67,$1754,$1171,$0,$1837,$183,$3191,$4945,$588,$608,$127,$1059,$1647,$19,$921,$107,$3298,$4945,$126,$158,$22,$180,$0,$0,$0,$-90,$-90,$210,$-105,$0,$-313,$0,$0,$0,$-2,$-420,$-1,$0,$-1,$21,$21,$0,$0,$20,$-195,$0,$0
45,2007-06-30,13.26,$17.25,0.77,$12.94,1.02,$1.49,8.88,$0.77,17.22,$1.65B,$0.55B,2.99,$0.61B,$3.21B,0.19,$2.66B,$0.68B,25.38%,$2.66B,$0.22B,8.07%,$2.66B,$0.22B,8.07%,$2.66B,$0.43B,15.96%,$2.66B,$0.20B,7.66%,$2.66B,$0.15B,5.60%,$0.15B,$3.21B,4.78%,$0.15B,$1.39B,10.32%,$0.15B,$4.82B,3.17%,$0.22B,$3.82B,5.77%,$716,$538,$178,$0,$113,$655,$61,$-3,$58,$15,$42,$42,$41,$115,$61,$185,193,$0.22,$0.22,$387,$565,$65,$1653,$1168,$0,$1821,$183,$3171,$4824,$553,$608,$133,$1057,$1610,$19,$886,$59,$3214,$4824,$91,$105,$13,$118,$0,$0,$0,$-126,$-126,$93,$-73,$0,$-312,$0,$0,$0,$-2,$-387,$-3,$3,$0,$21,$21,$0,$0,$21,$-285,$0,$0
46,2007-03-31,11.72,$16.87,0.69,$12.25,0.96,$1.69,6.95,$0.78,15.02,$1.44B,$0.49B,2.93,$0.61B,$3.14B,0.19,$2.61B,$0.68B,26.00%,$2.61B,$0.22B,8.36%,$2.61B,$0.22B,8.36%,$2.61B,$0.42B,16.07%,$2.61B,$0.20B,7.75%,$2.61B,$0.15B,5.79%,$0.15B,$3.14B,4.94%,$0.15B,$1.53B,10.50%,$0.15B,$4.68B,3.26%,$0.22B,$3.75B,5.94%,$658,$483,$175,$0,$105,$591,$68,$-2,$66,$16,$50,$50,$50,$118,$68,$184,215,$0.27,$0.25,$333,$548,$0,$1437,$1115,$0,$1612,$514,$3242,$4679,$491,$608,$121,$1044,$1535,$18,$845,$50,$3144,$4679,$50,$50,$4,$54,$0,$0,$0,$-86,$-86,$25,$-31,$0,$-331,$0,$0,$0,$0,$-362,$-1,$-1,$-2,$0,$0,$0,$0,$-2,$-338,$0,$0
47,2006-12-31,11.35,$16.70,0.68,$12.08,0.94,$1.80,6.3,$0.73,15.55,$1.73B,$0.53B,3.23,$0.61B,$3.08B,0.2,$2.58B,$0.66B,25.53%,$2.58B,$0.21B,8.14%,$2.58B,$0.21B,8.14%,$2.58B,$0.41B,15.81%,$2.58B,$0.19B,7.40%,$2.58B,$0.14B,5.39%,$0.14B,$3.08B,4.63%,$0.14B,$1.45B,10.07%,$0.14B,$4.69B,3.02%,$0.21B,$3.69B,5.82%,$635,$480,$155,$0,$104,$597,$39,$-4,$35,$9,$26,$26,$26,$92,$39,$184,210,$0.14,$0.14,$672,$537,$0,$1727,$1124,$0,$1632,$208,$2965,$4692,$534,$608,$156,$1077,$1611,$18,$797,$35,$3081,$4692,$140,$199,$78,$277,$0,$0,$0,$-67,$-67,$349,$-174,$0,$-14,$10,$0,$10,$0,$-179,$-153,$-3,$-156,$3,$3,$0,$0,$-153,$49,$0,$0
