,Date,Stock Price,Book Value per Share,Price to Book Ratio,TTM Sales per Share,Price to Sales Ratio,TTM FCF per Share,Price to FCF Ratio,TTM Net EPS,PE Ratio,Current Assets,Current Liabilities,Current Ratio,Long Term Debt,Shareholder's Equity_x,Debt to Equity Ratio,TTM Revenue_x,TTM Gross Profit,Gross Margin,TTM Revenue_y,TTM Operating Income,Operating Margin,TTM Revenue_x,TTM EBIT,EBIT Margin,TTM Revenue_y,TTM EBITDA,EBITDA Margin,TTM Revenue_x,TTM Pre-Tax Income,Pre-Tax Margin,TTM Revenue_y,TTM Net Income_x,Net Margin,TTM Net Income_y,Shareholder's Equity_y,Return on Equity,TTM Net Income_x,Tangible Equity,Return on Tangible Equity,TTM Net Income_y,Total Assets,Return on Assets,TTM Net Income,LT Investments & Debt,Return on Investment,revenue,cost-goods-sold,gross-profit,research-development-expenses,selling-general-administrative-expenses,operating-expenses,operating-income,total-non-operating-income-expense,pre-tax-income,total-provision-income-taxes,income-after-taxes,income-from-continuous-operations,net-income,ebitda,ebit,basic-shares-outstanding,shares-outstanding,eps-basic-net-earnings-per-share,eps-earnings-per-share-diluted,cash-on-hand,inventory,other-current-assets,total-current-assets,net-property-plant-equipment,long-term-investments,goodwill-intangible-assets-total,other-long-term-assets,total-long-term-assets,total-assets,total-current-liabilities,long-term-debt,other-non-current-liabilities,total-long-term-liabilities,total-liabilities,common-stock-net,retained-earnings-accumulated-deficit,comprehensive-income,total-share-holder-equity,total-liabilities-share-holders-equity,net-income-loss,total-depreciation-amortization-cash-flow,other-non-cash-items,total-non-cash-items,change-in-accounts-receivable,change-in-inventories,change-in-accounts-payable,change-in-assets-liabilities,total-change-in-assets-liabilities,cash-flow-from-operating-activities,net-change-in-property-plant-equipment,net-change-in-intangible-assets,net-acquisitions-divestitures,net-change-in-short-term-investments,net-change-in-long-term-investments,net-change-in-investments-total,investing-activities-other,cash-flow-from-investing-activities,net-long-term-debt,net-current-debt,debt-issuance-retirement-net-total,net-common-equity-issued-repurchased,net-total-equity-issued-repurchased,total-common-preferred-stock-dividends-paid,financial-activities-other,cash-flow-from-financial-activities,net-cash-flow,stock-based-compensation,common-stock-dividends-paid
0,2018-09-30,10.0,$8.03,1.24,$49.49,0.2,$4.92,2.03,$-0.69,0.0,$0.23B,$0.10B,2.23,$0.06B,$0.19B,0.32,$1.16B,$0.35B,30.09%,$1.16B,$-0.01B,-1.12%,$1.16B,$-0.01B,-1.12%,$1.16B,$0.10B,8.36%,$1.16B,$-0.01B,-0.43%,$1.16B,$-0.02B,-1.47%,$-0.02B,$0.19B,-8.85%,$-0.02B,$0.18B,-9.39%,$-0.02B,$0.40B,-3.84%,$-0.01B,$0.26B,-4.70%,$277,$190,$87,$0,$83,$273,$3,$-1,$2,$0,$2,$2,$-2,$14,$3,$24,24,$-0.07,$-0.07,$2,$188,$0,$231,$131,$0,$11,$3,$167,$398,$103,$62,$1,$102,$205,$0,$115,$0,$193,$398,$2,$35,$4,$39,$-1,$34,$-4,$10,$37,$78,$-25,$-0,$15,$0,$0,$0,$0,$-10,$-69,$2,$-67,$-0,$-0,$0,$-0,$-68,$-0,$2,$0
1,2018-06-30,6.95,$8.06,0.86,$49.94,0.14,$2.66,2.61,$-4.34,0.0,$0.24B,$0.12B,1.96,$0.06B,$0.19B,0.32,$1.17B,$0.35B,29.96%,$1.17B,$-0.12B,-10.30%,$1.17B,$-0.12B,-10.30%,$1.17B,$0.04B,3.00%,$1.17B,$-0.11B,-9.70%,$1.17B,$-0.10B,-8.67%,$-0.10B,$0.19B,-51.40%,$-0.10B,$0.18B,-55.12%,$-0.10B,$0.42B,-21.34%,$-0.12B,$0.26B,-40.44%,$293,$199,$94,$0,$89,$288,$5,$2,$7,$2,$5,$5,$7,$16,$5,$24,24,$0.30,$0.30,$2,$202,$0,$242,$137,$0,$11,$3,$178,$420,$124,$62,$2,$103,$226,$0,$117,$0,$194,$420,$3,$24,$3,$26,$-1,$20,$5,$10,$37,$66,$-16,$-0,$16,$0,$0,$0,$0,$-0,$-66,$0,$-66,$-0,$-0,$0,$-0,$-66,$-0,$1,$0
2,2018-03-31,4.35,$7.68,0.57,$50.37,0.09,$0.95,4.59,$-11.37,0.0,$0.28B,$0.15B,1.88,$0.09B,$0.19B,0.47,$1.17B,$0.35B,30.14%,$1.17B,$-0.28B,-23.72%,$1.17B,$-0.28B,-23.72%,$1.17B,$0.04B,3.42%,$1.17B,$-0.28B,-23.54%,$1.17B,$-0.26B,-22.60%,$-0.26B,$0.19B,-118.92%,$-0.26B,$0.18B,-146.67%,$-0.26B,$0.46B,-51.39%,$-0.28B,$0.27B,-82.01%,$296,$203,$93,$0,$89,$292,$4,$10,$14,$4,$10,$10,$-4,$16,$4,$23,23,$-0.17,$-0.17,$2,$211,$22,$276,$137,$0,$11,$3,$188,$463,$147,$87,$2,$130,$277,$0,$109,$0,$186,$463,$-4,$13,$7,$20,$-2,$9,$1,$-1,$2,$18,$-7,$-0,$0,$0,$0,$0,$0,$-7,$-11,$-0,$-11,$-0,$-0,$0,$-0,$-12,$-0,$1,$0
3,2017-12-31,4.4,$8.13,0.54,$50.95,0.09,$0.88,5.01,$-10.85,0.0,$0.28B,$0.13B,2.22,$0.13B,$0.20B,0.65,$1.18B,$0.36B,30.39%,$1.18B,$-0.26B,-22.24%,$1.18B,$-0.26B,-22.24%,$1.18B,$0.05B,4.41%,$1.18B,$-0.27B,-23.17%,$1.18B,$-0.25B,-21.39%,$-0.25B,$0.20B,-87.42%,$-0.25B,$0.18B,-142.78%,$-0.25B,$0.49B,-43.37%,$-0.26B,$0.32B,-63.52%,$294,$219,$75,$0,$99,$320,$-25,$-2,$-28,$4,$-32,$-32,$-18,$51,$-25,$23,23,$-0.80,$-0.80,$2,$218,$23,$282,$142,$0,$11,$19,$209,$491,$127,$126,$2,$169,$296,$0,$113,$0,$195,$491,$-252,$315,$14,$329,$4,$10,$-16,$-26,$-20,$56,$-55,$-0,$0,$0,$0,$0,$0,$-55,$1,$-3,$-3,$1,$1,$0,$-0,$-2,$-1,$6,$0
4,2017-09-30,5.35,$8.79,0.61,$50.91,0.11,$3.04,1.76,$-10.59,0.0,$0.29B,$0.14B,2.07,$0.13B,$0.21B,0.59,$1.19B,$0.38B,32.21%,$1.19B,$-0.26B,-21.87%,$1.19B,$-0.26B,-21.87%,$1.19B,$0.03B,2.44%,$1.19B,$-0.27B,-22.71%,$1.19B,$-0.25B,-20.69%,$-0.25B,$0.21B,-70.39%,$-0.25B,$0.19B,-146.43%,$-0.25B,$0.52B,-38.33%,$-0.26B,$0.34B,-55.06%,$282,$196,$87,$0,$84,$386,$-104,$-2,$-106,$-23,$-83,$-83,$-86,$-48,$-104,$23,23,$-3.72,$-3.72,$2,$247,$0,$292,$154,$0,$20,$3,$227,$519,$141,$125,$2,$167,$308,$0,$131,$0,$211,$519,$-235,$238,$70,$309,$4,$2,$-0,$-41,$-31,$43,$-43,$-0,$0,$0,$0,$0,$0,$-44,$1,$-2,$-1,$1,$1,$0,$-1,$-0,$-1,$4,$0
5,2017-06-30,11.65,$12.41,0.94,$51.96,0.22,$5.03,2.32,$-6.39,0.0,$0.28B,$0.12B,2.27,$0.12B,$0.30B,0.42,$1.22B,$0.40B,32.57%,$1.22B,$-0.14B,-11.13%,$1.22B,$-0.14B,-11.13%,$1.22B,$0.11B,8.84%,$1.22B,$-0.15B,-11.95%,$1.22B,$-0.15B,-12.19%,$-0.15B,$0.30B,-36.19%,$-0.15B,$0.17B,-97.55%,$-0.15B,$0.58B,-21.40%,$-0.14B,$0.42B,-25.52%,$296,$199,$97,$0,$82,$449,$-152,$-2,$-155,$-8,$-146,$-146,$-156,$21,$-152,$23,23,$-6.73,$-6.73,$2,$233,$0,$275,$152,$0,$125,$31,$308,$582,$121,$124,$2,$166,$287,$0,$217,$0,$296,$582,$-148,$183,$9,$192,$4,$13,$-9,$-15,$-6,$38,$-28,$-0,$0,$0,$0,$0,$0,$-29,$-8,$-3,$-11,$1,$1,$0,$-1,$-10,$-1,$3,$0
6,2017-03-31,20.15,$18.90,1.07,$53.09,0.38,$6.03,3.34,$0.78,25.83,$0.27B,$0.12B,2.36,$0.12B,$0.45B,0.27,$1.26B,$0.41B,32.49%,$1.26B,$0.04B,2.94%,$1.26B,$0.04B,2.94%,$1.26B,$0.12B,9.37%,$1.26B,$0.03B,2.14%,$1.26B,$0.02B,1.35%,$0.02B,$0.45B,3.77%,$0.02B,$0.16B,12.08%,$0.02B,$0.73B,2.31%,$0.04B,$0.57B,6.48%,$306,$207,$99,$0,$80,$287,$19,$-2,$16,$7,$10,$10,$8,$28,$19,$23,23,$0.35,$0.35,$2,$238,$0,$274,$150,$0,$290,$19,$458,$732,$116,$122,$2,$164,$281,$0,$373,$0,$451,$732,$8,$9,$2,$11,$2,$6,$-11,$6,$1,$20,$-10,$-0,$0,$0,$0,$0,$0,$-10,$-11,$-1,$-12,$2,$2,$0,$-0,$-10,$-1,$2,$0
7,2016-12-31,23.75,$18.78,1.26,$53.28,0.45,$6.86,3.46,$1.02,23.28,$0.29B,$0.13B,2.13,$0.12B,$0.44B,0.28,$1.29B,$0.43B,33.02%,$1.29B,$0.05B,3.49%,$1.29B,$0.05B,3.49%,$1.29B,$0.13B,10.00%,$1.29B,$0.04B,2.79%,$1.29B,$0.02B,1.86%,$0.02B,$0.44B,5.33%,$0.02B,$0.15B,18.43%,$0.02B,$0.73B,3.26%,$0.05B,$0.56B,7.91%,$305,$205,$100,$0,$83,$328,$-23,$-3,$-25,$-14,$-12,$-12,$-12,$28,$-23,$24,24,$-0.47,$-0.47,$3,$242,$0,$286,$139,$0,$290,$2,$449,$734,$134,$121,$2,$160,$294,$0,$365,$0,$440,$734,$25,$84,$8,$92,$0,$-13,$27,$-40,$-23,$93,$-40,$-0,$0,$0,$0,$0,$0,$-40,$3,$-1,$2,$-66,$-66,$0,$-1,$-65,$-12,$7,$0
8,2016-09-30,26.85,$19.31,1.39,$50.66,0.53,$5.38,4.99,$1.73,15.52,$0.26B,$0.12B,2.24,$0.12B,$0.46B,0.26,$1.28B,$0.42B,32.63%,$1.28B,$0.08B,6.18%,$1.28B,$0.08B,6.18%,$1.28B,$0.12B,9.55%,$1.28B,$0.07B,5.63%,$1.28B,$0.04B,3.29%,$0.04B,$0.46B,9.15%,$0.04B,$0.13B,32.56%,$0.04B,$0.74B,5.67%,$0.08B,$0.58B,13.70%,$315,$213,$102,$0,$82,$295,$20,$-2,$18,$7,$11,$11,$11,$31,$20,$24,24,$0.48,$0.48,$2,$224,$0,$262,$140,$0,$330,$4,$474,$737,$117,$119,$2,$160,$277,$0,$377,$0,$460,$737,$37,$33,$6,$39,$0,$5,$11,$-4,$2,$78,$-31,$-0,$0,$0,$0,$0,$0,$-31,$-2,$-0,$-2,$-57,$-57,$0,$-1,$-60,$-13,$5,$0
9,2016-06-30,30.57,$18.87,1.62,$48.17,0.63,$4.31,7.09,$1.73,17.67,$0.27B,$0.13B,2.07,$0.12B,$0.45B,0.26,$1.28B,$0.42B,32.89%,$1.28B,$0.08B,6.42%,$1.28B,$0.08B,6.42%,$1.28B,$0.12B,9.71%,$1.28B,$0.08B,6.03%,$1.28B,$0.05B,3.52%,$0.05B,$0.45B,9.27%,$0.05B,$0.12B,29.03%,$0.05B,$0.74B,6.07%,$0.08B,$0.57B,14.31%,$333,$225,$108,$0,$87,$312,$21,$-2,$18,$8,$10,$10,$10,$31,$21,$24,24,$0.44,$0.44,$2,$230,$0,$268,$140,$0,$330,$3,$472,$741,$129,$118,$2,$159,$288,$0,$366,$0,$452,$741,$25,$22,$5,$27,$2,$-3,$17,$-4,$3,$55,$-21,$-0,$0,$0,$0,$0,$0,$-21,$7,$-2,$5,$-52,$-52,$0,$-1,$-47,$-13,$4,$0
10,2016-03-31,30.96,$18.50,1.67,$45.21,0.68,$3.28,9.45,$1.77,17.49,$0.27B,$0.13B,2.03,$0.12B,$0.45B,0.26,$1.27B,$0.42B,33.18%,$1.27B,$0.09B,6.71%,$1.27B,$0.09B,6.71%,$1.27B,$0.13B,9.95%,$1.27B,$0.08B,6.48%,$1.27B,$0.05B,3.87%,$0.05B,$0.45B,9.56%,$0.05B,$0.12B,26.89%,$0.05B,$0.74B,6.64%,$0.09B,$0.57B,14.89%,$337,$221,$116,$0,$89,$310,$27,$-2,$25,$10,$15,$15,$15,$39,$27,$25,25,$0.60,$0.59,$2,$228,$0,$265,$139,$0,$330,$3,$472,$737,$130,$117,$1,$157,$287,$0,$355,$-0,$449,$737,$15,$11,$2,$14,$2,$-1,$12,$-4,$15,$43,$-12,$-0,$0,$0,$0,$0,$0,$-12,$-2,$0,$-2,$-42,$-42,$0,$-0,$-44,$-13,$2,$0
11,2015-12-31,32.7,$18.37,1.78,$43.02,0.76,$1.82,17.92,$1.81,18.07,$0.28B,$0.12B,2.34,$0.12B,$0.48B,0.24,$1.27B,$0.42B,33.10%,$1.27B,$0.09B,7.03%,$1.27B,$0.09B,7.03%,$1.27B,$0.13B,10.03%,$1.27B,$0.09B,6.95%,$1.27B,$0.05B,4.19%,$0.05B,$0.48B,9.82%,$0.05B,$0.15B,25.39%,$0.05B,$0.75B,7.19%,$0.09B,$0.59B,15.65%,$293,$202,$91,$0,$79,$282,$11,$-1,$11,$4,$6,$6,$6,$21,$11,$29,29,$0.23,$0.23,$15,$227,$0,$275,$140,$0,$331,$3,$474,$749,$117,$115,$1,$156,$273,$0,$340,$-0,$475,$749,$53,$39,$6,$45,$3,$-38,$-4,$1,$-38,$61,$-39,$-1,$0,$0,$0,$0,$0,$-39,$-0,$151,$151,$-133,$-133,$0,$-36,$-18,$3,$6,$0
12,2015-09-30,32.64,$19.41,1.68,$42.43,0.77,$2.96,11.02,$1.97,16.57,$0.26B,$0.12B,2.23,$0.00B,$0.57B,0.0,$1.26B,$0.42B,33.49%,$1.26B,$0.10B,7.76%,$1.26B,$0.10B,7.76%,$1.26B,$0.14B,10.69%,$1.26B,$0.10B,7.68%,$1.26B,$0.06B,4.67%,$0.06B,$0.57B,10.55%,$0.06B,$0.23B,25.93%,$0.06B,$0.74B,8.08%,$0.10B,$0.57B,17.53%,$314,$209,$105,$0,$81,$291,$23,$-0,$23,$9,$14,$14,$14,$33,$23,$29,29,$0.49,$0.48,$2,$218,$0,$263,$140,$0,$331,$3,$474,$736,$118,$0,$1,$54,$171,$0,$334,$-0,$565,$736,$47,$29,$4,$33,$5,$-30,$1,$3,$-23,$57,$-30,$-0,$0,$0,$0,$0,$0,$-30,$0,$6,$6,$-38,$-38,$0,$-4,$-37,$-10,$5,$0
13,2015-06-30,37.27,$19.07,1.95,$41.74,0.89,$3.30,11.28,$1.89,19.72,$0.26B,$0.12B,2.21,$0.00B,$0.56B,0.0,$1.26B,$0.42B,32.99%,$1.26B,$0.10B,7.63%,$1.26B,$0.10B,7.63%,$1.26B,$0.13B,10.41%,$1.26B,$0.09B,7.47%,$1.26B,$0.06B,4.53%,$0.06B,$0.56B,10.10%,$0.06B,$0.23B,24.54%,$0.06B,$0.73B,7.76%,$0.10B,$0.56B,17.01%,$322,$214,$108,$0,$85,$299,$24,$-0,$23,$9,$14,$14,$14,$33,$24,$29,29,$0.49,$0.48,$3,$211,$0,$256,$139,$0,$332,$3,$474,$730,$116,$0,$1,$52,$168,$0,$320,$-0,$562,$730,$33,$19,$3,$22,$4,$-24,$2,$4,$-23,$32,$-21,$-0,$0,$0,$0,$0,$0,$-20,$10,$0,$10,$-26,$-26,$0,$-4,$-20,$-9,$3,$0
14,2015-03-31,41.19,$18.82,2.19,$40.72,1.01,$3.47,11.86,$1.96,21.02,$0.26B,$0.13B,2.05,$0.00B,$0.56B,0.0,$1.24B,$0.41B,33.01%,$1.24B,$0.10B,8.05%,$1.24B,$0.10B,8.05%,$1.24B,$0.14B,10.87%,$1.24B,$0.10B,7.97%,$1.24B,$0.06B,4.83%,$0.06B,$0.56B,10.57%,$0.06B,$0.23B,25.45%,$0.06B,$0.73B,8.19%,$0.10B,$0.56B,17.61%,$337,$222,$115,$0,$84,$306,$31,$-0,$31,$12,$19,$19,$19,$40,$31,$29,30,$0.63,$0.63,$2,$214,$0,$260,$139,$0,$332,$3,$474,$734,$127,$0,$1,$49,$176,$0,$306,$0,$557,$734,$19,$9,$1,$10,$3,$-26,$10,$-0,$-24,$6,$-11,$-0,$0,$0,$0,$0,$0,$-11,$10,$5,$15,$-16,$-16,$0,$-4,$-5,$-10,$2,$0
15,2014-12-31,48.58,$18.37,2.64,$39.46,1.23,$4.01,12.13,$2.00,24.29,$0.25B,$0.12B,2.03,$0.00B,$0.55B,0.0,$1.21B,$0.40B,33.31%,$1.21B,$0.10B,8.49%,$1.21B,$0.10B,8.49%,$1.21B,$0.14B,11.29%,$1.21B,$0.10B,8.41%,$1.21B,$0.06B,5.11%,$0.06B,$0.55B,10.93%,$0.06B,$0.22B,25.05%,$0.06B,$0.72B,8.58%,$0.10B,$0.55B,18.17%,$290,$195,$95,$0,$75,$270,$20,$-0,$20,$8,$12,$12,$12,$29,$20,$30,31,$0.39,$0.38,$12,$187,$0,$247,$141,$0,$332,$3,$476,$722,$121,$0,$1,$49,$170,$0,$287,$-0,$552,$722,$61,$34,$3,$37,$1,$-2,$-10,$4,$2,$100,$-43,$-1,$-82,$0,$0,$0,$0,$-125,$8,$0,$8,$-50,$-50,$0,$5,$-37,$-62,$7,$0
16,2014-09-30,44.39,$18.98,2.34,$38.39,1.16,$3.40,13.07,$1.99,22.31,$0.28B,$0.11B,2.5,$0.00B,$0.59B,0.0,$1.18B,$0.40B,33.50%,$1.18B,$0.10B,8.65%,$1.18B,$0.10B,8.65%,$1.18B,$0.14B,11.45%,$1.18B,$0.10B,8.57%,$1.18B,$0.06B,5.17%,$0.06B,$0.59B,10.87%,$0.06B,$0.25B,24.02%,$0.06B,$0.75B,8.56%,$0.10B,$0.59B,18.18%,$309,$212,$97,$0,$77,$288,$21,$-0,$20,$8,$12,$12,$12,$29,$21,$30,31,$0.40,$0.40,$32,$192,$0,$280,$138,$0,$333,$3,$474,$754,$112,$0,$1,$56,$169,$0,$276,$-0,$586,$754,$50,$25,$1,$26,$2,$-7,$-11,$1,$-7,$69,$-31,$-1,$-82,$0,$0,$0,$0,$-113,$0,$0,$0,$-3,$-3,$0,$5,$2,$-42,$6,$0
17,2014-06-30,43.02,$18.64,2.31,$37.26,1.15,$2.83,15.2,$2.12,20.29,$0.26B,$0.09B,2.78,$0.00B,$0.58B,0.0,$1.14B,$0.39B,34.24%,$1.14B,$0.11B,9.37%,$1.14B,$0.11B,9.37%,$1.14B,$0.14B,12.17%,$1.14B,$0.11B,9.37%,$1.14B,$0.07B,5.69%,$0.07B,$0.58B,11.98%,$0.07B,$0.25B,26.16%,$0.07B,$0.72B,9.42%,$0.11B,$0.58B,19.72%,$306,$203,$103,$0,$75,$278,$28,$-0,$28,$11,$17,$17,$17,$37,$28,$30,31,$0.56,$0.55,$15,$189,$0,$257,$131,$0,$331,$3,$465,$722,$92,$0,$1,$54,$146,$0,$264,$-0,$576,$722,$37,$17,$0,$17,$1,$-3,$-16,$5,$-18,$36,$-19,$-0,$-82,$0,$0,$0,$0,$-101,$0,$0,$0,$2,$2,$0,$4,$6,$-59,$4,$0
18,2014-03-31,47.52,$18.07,2.63,$36.50,1.3,$2.97,15.99,$2.17,21.9,$0.29B,$0.09B,3.29,$0.00B,$0.55B,0.0,$1.12B,$0.39B,34.53%,$1.12B,$0.11B,9.87%,$1.12B,$0.11B,9.87%,$1.12B,$0.14B,12.47%,$1.12B,$0.11B,9.78%,$1.12B,$0.07B,5.92%,$0.07B,$0.55B,12.64%,$0.07B,$0.27B,27.47%,$0.07B,$0.69B,9.88%,$0.11B,$0.55B,21.07%,$308,$198,$109,$0,$75,$274,$34,$-0,$34,$14,$21,$21,$21,$42,$34,$30,31,$0.68,$0.67,$88,$169,$0,$287,$120,$0,$282,$5,$407,$694,$87,$0,$3,$52,$139,$0,$247,$-0,$554,$694,$21,$8,$0,$8,$0,$-5,$-4,$10,$-10,$19,$-9,$-0,$0,$0,$0,$0,$0,$-9,$0,$0,$0,$2,$2,$0,$2,$3,$14,$2,$0
19,2013-12-31,52.01,$17.31,3.0,$35.64,1.46,$2.61,19.94,$2.18,23.86,$0.28B,$0.10B,2.68,$0.00B,$0.53B,0.0,$1.09B,$0.38B,34.81%,$1.09B,$0.11B,10.22%,$1.09B,$0.11B,10.22%,$1.09B,$0.14B,12.71%,$1.09B,$0.11B,10.13%,$1.09B,$0.07B,6.08%,$0.07B,$0.53B,13.17%,$0.07B,$0.25B,30.03%,$0.07B,$0.68B,10.23%,$0.11B,$0.53B,22.14%,$256,$171,$86,$0,$67,$238,$19,$-0,$19,$8,$11,$11,$11,$27,$19,$30,31,$0.37,$0.37,$74,$164,$0,$275,$120,$0,$282,$5,$407,$682,$103,$0,$3,$51,$154,$0,$226,$-0,$528,$682,$67,$28,$6,$34,$0,$-13,$12,$-16,$-19,$81,$-43,$-1,$-51,$0,$0,$0,$0,$-94,$-0,$0,$-0,$4,$4,$0,$2,$5,$-7,$8,$0
20,2013-09-30,43.75,$16.85,2.6,$34.51,1.27,$2.93,14.92,$2.13,20.54,$0.26B,$0.09B,2.85,$0.00B,$0.51B,0.0,$1.05B,$0.37B,35.08%,$1.05B,$0.11B,10.30%,$1.05B,$0.11B,10.30%,$1.05B,$0.13B,12.77%,$1.05B,$0.11B,10.20%,$1.05B,$0.07B,6.20%,$0.07B,$0.51B,13.51%,$0.07B,$0.23B,31.18%,$0.07B,$0.66B,10.46%,$0.11B,$0.51B,22.45%,$272,$179,$93,$0,$67,$246,$26,$-0,$26,$10,$16,$16,$16,$33,$26,$30,31,$0.54,$0.53,$54,$169,$0,$259,$116,$0,$282,$4,$402,$661,$91,$0,$3,$57,$148,$0,$215,$-0,$512,$661,$55,$20,$6,$26,$0,$-18,$6,$-7,$-28,$53,$-32,$-0,$-51,$0,$0,$0,$0,$-83,$-0,$0,$-0,$2,$2,$0,$1,$3,$-27,$7,$0
21,2013-06-30,44.84,$16.24,2.76,$33.49,1.34,$3.65,12.29,$2.14,20.95,$0.24B,$0.09B,2.7,$0.00B,$0.49B,0.0,$1.02B,$0.36B,35.24%,$1.02B,$0.11B,10.53%,$1.02B,$0.11B,10.53%,$1.02B,$0.13B,12.99%,$1.02B,$0.11B,10.43%,$1.02B,$0.07B,6.40%,$0.07B,$0.49B,14.07%,$0.07B,$0.21B,32.79%,$0.07B,$0.64B,10.86%,$0.11B,$0.49B,23.16%,$279,$182,$97,$0,$67,$249,$31,$-0,$30,$12,$18,$18,$18,$37,$31,$30,30,$0.61,$0.60,$55,$153,$0,$235,$114,$0,$282,$4,$399,$635,$87,$0,$9,$54,$141,$0,$199,$-0,$494,$635,$39,$13,$3,$16,$0,$-3,$9,$-2,$-11,$45,$-24,$-0,$-50,$0,$0,$0,$0,$-74,$-0,$0,$-0,$2,$2,$0,$1,$3,$-26,$4,$0
22,2013-03-31,48.85,$15.60,3.13,$32.51,1.5,$3.91,12.49,$2.09,23.37,$0.21B,$0.08B,2.67,$0.00B,$0.47B,0.0,$0.98B,$0.35B,35.34%,$0.98B,$0.10B,10.59%,$0.98B,$0.10B,10.59%,$0.98B,$0.13B,13.03%,$0.98B,$0.10B,10.59%,$0.98B,$0.06B,6.52%,$0.06B,$0.47B,14.55%,$0.06B,$0.19B,34.59%,$0.06B,$0.60B,11.19%,$0.10B,$0.47B,23.64%,$279,$177,$102,$0,$67,$244,$35,$-0,$35,$14,$21,$21,$21,$41,$35,$30,30,$0.70,$0.68,$31,$152,$0,$210,$109,$0,$281,$4,$393,$603,$78,$0,$8,$53,$132,$0,$180,$-0,$471,$603,$21,$6,$2,$8,$0,$-1,$4,$-2,$-18,$11,$-12,$-0,$-50,$0,$0,$0,$0,$-62,$-0,$0,$-0,$1,$1,$0,$0,$1,$-50,$2,$0
23,2012-12-31,57.36,$14.83,3.87,$31.68,1.81,$3.97,14.46,$2.02,28.4,$0.24B,$0.09B,2.75,$0.00B,$0.45B,0.0,$0.95B,$0.33B,35.02%,$0.95B,$0.10B,10.41%,$0.95B,$0.10B,10.41%,$0.95B,$0.12B,12.93%,$0.95B,$0.10B,10.41%,$0.95B,$0.06B,6.41%,$0.06B,$0.45B,14.65%,$0.06B,$0.20B,35.78%,$0.06B,$0.59B,11.17%,$0.10B,$0.45B,23.76%,$219,$142,$76,$0,$60,$202,$16,$-0,$16,$7,$10,$10,$10,$23,$16,$29,30,$0.31,$0.32,$81,$138,$0,$241,$95,$0,$246,$3,$345,$586,$88,$0,$8,$51,$139,$0,$160,$0,$447,$586,$61,$23,$-4,$19,$0,$-16,$2,$-3,$-1,$78,$-31,$-0,$0,$0,$0,$0,$0,$-31,$-1,$0,$-1,$12,$12,$0,$12,$23,$70,$7,$0
24,2012-09-30,58.32,$14.44,4.04,$31.68,1.84,$4.15,14.06,$2.02,28.87,$0.23B,$0.08B,2.83,$0.00B,$0.44B,0.0,$0.95B,$0.33B,35.06%,$0.95B,$0.10B,10.67%,$0.95B,$0.10B,10.67%,$0.95B,$0.12B,12.99%,$0.95B,$0.10B,10.67%,$0.95B,$0.06B,6.34%,$0.06B,$0.44B,15.24%,$0.06B,$0.19B,40.61%,$0.06B,$0.57B,11.51%,$0.10B,$0.44B,25.63%,$239,$156,$83,$0,$58,$214,$25,$-0,$25,$8,$16,$16,$16,$31,$25,$30,30,$0.55,$0.54,$76,$131,$0,$232,$89,$0,$246,$3,$338,$570,$82,$0,$7,$53,$135,$0,$150,$0,$436,$570,$51,$17,$-6,$11,$0,$-9,$4,$-3,$-1,$61,$-19,$0,$0,$0,$0,$0,$0,$-19,$-1,$0,$-1,$12,$12,$0,$12,$23,$65,$5,$0
25,2012-06-30,54.93,$13.64,4.03,$30.81,1.78,$4.33,12.7,$1.88,29.22,$0.19B,$0.07B,2.78,$0.00B,$0.41B,0.0,$0.92B,$0.32B,34.68%,$0.92B,$0.09B,10.25%,$0.92B,$0.09B,10.25%,$0.92B,$0.12B,12.54%,$0.92B,$0.09B,10.14%,$0.92B,$0.06B,6.11%,$0.06B,$0.41B,15.09%,$0.06B,$0.16B,44.80%,$0.06B,$0.53B,11.19%,$0.09B,$0.41B,25.22%,$245,$159,$86,$0,$58,$217,$28,$-0,$28,$11,$17,$17,$17,$33,$28,$29,30,$0.57,$0.55,$50,$120,$0,$193,$87,$0,$246,$3,$336,$528,$69,$0,$9,$54,$123,$0,$134,$0,$405,$528,$35,$11,$-1,$10,$0,$1,$-1,$0,$-5,$39,$-11,$0,$0,$0,$0,$0,$0,$-11,$-1,$0,$-1,$6,$6,$0,$5,$11,$40,$3,$0
26,2012-03-31,44.21,$12.90,3.43,$29.94,1.48,$4.23,10.45,$1.73,25.55,$0.17B,$0.07B,2.38,$0.00B,$0.38B,0.0,$0.89B,$0.31B,34.46%,$0.89B,$0.09B,9.68%,$0.89B,$0.09B,9.68%,$0.89B,$0.11B,12.05%,$0.89B,$0.09B,9.57%,$0.89B,$0.05B,5.74%,$0.05B,$0.38B,14.46%,$0.05B,$0.13B,47.89%,$0.05B,$0.50B,10.52%,$0.09B,$0.38B,24.12%,$248,$160,$88,$0,$58,$218,$30,$-0,$30,$12,$18,$18,$18,$36,$30,$29,30,$0.63,$0.61,$14,$130,$0,$166,$85,$0,$246,$3,$334,$500,$70,$0,$9,$52,$122,$0,$117,$0,$378,$500,$18,$6,$1,$7,$0,$-8,$-1,$-1,$-18,$7,$-6,$0,$0,$0,$0,$0,$0,$-6,$-0,$0,$-0,$2,$2,$0,$1,$2,$3,$1,$0
27,2011-12-31,39.88,$12.18,3.27,$29.02,1.37,$4.42,9.03,$1.52,26.24,$0.15B,$0.08B,1.86,$0.00B,$0.36B,0.0,$0.86B,$0.29B,34.19%,$0.86B,$0.08B,8.98%,$0.86B,$0.08B,8.98%,$0.86B,$0.10B,11.32%,$0.86B,$0.07B,8.63%,$0.86B,$0.05B,5.25%,$0.05B,$0.36B,13.37%,$0.05B,$0.11B,50.00%,$0.05B,$0.49B,9.41%,$0.08B,$0.36B,22.42%,$215,$140,$75,$0,$57,$197,$18,$-0,$18,$8,$9,$9,$9,$23,$18,$29,30,$0.32,$0.32,$11,$121,$0,$150,$89,$0,$246,$3,$338,$488,$81,$0,$9,$51,$132,$0,$99,$0,$356,$488,$45,$21,$6,$27,$0,$-10,$4,$-2,$6,$77,$-25,$0,$0,$0,$0,$0,$0,$-25,$-75,$0,$-75,$7,$7,$0,$1,$-67,$-15,$5,$0
28,2011-09-30,37.44,$11.82,3.17,$28.11,1.33,$3.95,9.47,$1.41,26.55,$0.16B,$0.08B,1.93,$0.01B,$0.35B,0.02,$0.82B,$0.28B,33.82%,$0.82B,$0.07B,8.64%,$0.82B,$0.07B,8.64%,$0.82B,$0.09B,11.19%,$0.82B,$0.07B,8.03%,$0.82B,$0.04B,5.11%,$0.04B,$0.35B,13.04%,$0.04B,$0.10B,55.81%,$0.04B,$0.49B,8.80%,$0.07B,$0.35B,20.70%,$209,$139,$69,$0,$52,$191,$18,$-0,$17,$5,$12,$12,$12,$23,$18,$29,30,$0.41,$0.40,$25,$110,$0,$155,$80,$0,$247,$3,$330,$485,$80,$6,$5,$60,$140,$0,$89,$0,$345,$485,$35,$15,$3,$18,$0,$1,$3,$-2,$8,$62,$-15,$0,$0,$0,$0,$0,$0,$-15,$-56,$0,$-56,$6,$6,$0,$1,$-48,$-1,$4,$0
29,2011-06-30,45.76,$11.39,4.02,$27.63,1.66,$3.38,13.56,$1.26,36.32,$0.14B,$0.07B,1.96,$0.01B,$0.33B,0.03,$0.80B,$0.27B,33.75%,$0.80B,$0.07B,8.38%,$0.80B,$0.07B,8.38%,$0.80B,$0.09B,11.13%,$0.80B,$0.06B,7.63%,$0.80B,$0.04B,4.63%,$0.04B,$0.33B,12.11%,$0.04B,$0.09B,63.25%,$0.04B,$0.47B,7.73%,$0.07B,$0.34B,19.46%,$216,$142,$74,$0,$53,$196,$20,$-1,$20,$8,$12,$12,$12,$25,$20,$29,30,$0.42,$0.40,$7,$112,$0,$137,$80,$0,$247,$3,$330,$466,$70,$10,$6,$65,$135,$0,$77,$0,$332,$466,$24,$10,$0,$10,$0,$-1,$-1,$1,$1,$35,$-10,$0,$0,$0,$0,$0,$0,$-10,$-52,$0,$-52,$5,$5,$0,$2,$-44,$-19,$2,$0
30,2011-03-31,33.83,$10.88,3.11,$27.14,1.25,$2.74,12.35,$1.12,30.21,$0.14B,$0.09B,1.54,$0.01B,$0.31B,0.04,$0.78B,$0.26B,33.51%,$0.78B,$0.06B,7.99%,$0.78B,$0.06B,7.99%,$0.78B,$0.09B,10.95%,$0.78B,$0.05B,6.83%,$0.78B,$0.03B,4.12%,$0.03B,$0.31B,11.04%,$0.03B,$0.07B,74.85%,$0.03B,$0.47B,6.64%,$0.06B,$0.33B,17.95%,$217,$142,$75,$0,$54,$196,$21,$-2,$19,$8,$12,$12,$12,$26,$21,$29,29,$0.41,$0.40,$8,$115,$0,$143,$80,$0,$247,$2,$330,$473,$93,$13,$6,$67,$160,$0,$65,$0,$313,$473,$12,$5,$1,$6,$0,$-4,$2,$-1,$-6,$11,$-4,$0,$0,$0,$0,$0,$0,$-4,$-27,$0,$-27,$2,$2,$0,$1,$-24,$-18,$1,$0
31,2010-12-31,33.64,$10.40,3.23,$26.66,1.26,$2.62,12.84,$1.03,32.66,$0.16B,$0.08B,1.96,$0.06B,$0.30B,0.19,$0.75B,$0.25B,33.29%,$0.75B,$0.06B,7.86%,$0.75B,$0.06B,7.86%,$0.75B,$0.08B,11.05%,$0.75B,$0.05B,6.52%,$0.75B,$0.03B,3.86%,$0.03B,$0.30B,10.63%,$0.03B,$0.05B,112.62%,$0.03B,$0.49B,6.01%,$0.06B,$0.35B,16.82%,$180,$121,$60,$0,$47,$168,$12,$-2,$10,$4,$6,$6,$6,$18,$12,$27,28,$0.21,$0.21,$26,$111,$0,$155,$81,$0,$247,$2,$331,$486,$79,$56,$5,$109,$188,$0,$54,$0,$298,$486,$29,$23,$-5,$18,$0,$-5,$-6,$17,$8,$55,$-18,$-0,$0,$0,$0,$0,$0,$-18,$-49,$0,$-49,$17,$17,$0,$12,$-20,$17,$4,$0
32,2010-09-30,27.45,$10.01,2.74,$29.44,0.93,$2.57,10.68,$0.86,31.92,$0.16B,$0.09B,1.87,$0.08B,$0.28B,0.27,$0.73B,$0.24B,33.02%,$0.73B,$0.06B,7.50%,$0.73B,$0.06B,7.50%,$0.73B,$0.08B,10.78%,$0.73B,$0.04B,5.59%,$0.73B,$0.02B,3.27%,$0.02B,$0.28B,9.35%,$0.02B,$0.03B,246.15%,$0.02B,$0.49B,5.02%,$0.06B,$0.36B,15.87%,$187,$126,$61,$0,$47,$174,$14,$-2,$12,$4,$7,$7,$7,$20,$14,$28,29,$0.26,$0.25,$37,$105,$0,$159,$81,$0,$247,$2,$331,$490,$85,$76,$5,$125,$211,$0,$48,$-0,$279,$490,$23,$18,$-2,$15,$0,$1,$-7,$-2,$4,$43,$-14,$0,$0,$0,$0,$0,$0,$-14,$-18,$0,$-18,$10,$10,$0,$8,$-1,$28,$3,$0
