,Date,Stock Price,Book Value per Share,Price to Book Ratio,TTM Sales per Share,Price to Sales Ratio,TTM FCF per Share,Price to FCF Ratio,TTM Net EPS,PE Ratio,Current Assets,Current Liabilities,Current Ratio,Long Term Debt,Shareholder's Equity_x,Debt to Equity Ratio,TTM Revenue_x,TTM Gross Profit,Gross Margin,TTM Revenue_y,TTM Operating Income,Operating Margin,TTM Revenue_x,TTM EBIT,EBIT Margin,TTM Revenue_y,TTM EBITDA,EBITDA Margin,TTM Revenue_x,TTM Pre-Tax Income,Pre-Tax Margin,TTM Revenue_y,TTM Net Income_x,Net Margin,TTM Net Income_y,Shareholder's Equity_y,Return on Equity,TTM Net Income_x,Tangible Equity,Return on Tangible Equity,TTM Net Income_y,Total Assets,Return on Assets,TTM Net Income,LT Investments & Debt,Return on Investment,revenue,cost-goods-sold,gross-profit,research-development-expenses,selling-general-administrative-expenses,operating-expenses,operating-income,total-non-operating-income-expense,pre-tax-income,total-provision-income-taxes,income-after-taxes,income-from-continuous-operations,net-income,ebitda,ebit,basic-shares-outstanding,shares-outstanding,eps-basic-net-earnings-per-share,eps-earnings-per-share-diluted,cash-on-hand,inventory,other-current-assets,total-current-assets,net-property-plant-equipment,long-term-investments,goodwill-intangible-assets-total,other-long-term-assets,total-long-term-assets,total-assets,total-current-liabilities,long-term-debt,other-non-current-liabilities,total-long-term-liabilities,total-liabilities,common-stock-net,retained-earnings-accumulated-deficit,comprehensive-income,total-share-holder-equity,total-liabilities-share-holders-equity,net-income-loss,total-depreciation-amortization-cash-flow,other-non-cash-items,total-non-cash-items,change-in-accounts-receivable,change-in-inventories,change-in-accounts-payable,change-in-assets-liabilities,total-change-in-assets-liabilities,cash-flow-from-operating-activities,net-change-in-property-plant-equipment,net-change-in-intangible-assets,net-acquisitions-divestitures,net-change-in-short-term-investments,net-change-in-long-term-investments,net-change-in-investments-total,investing-activities-other,cash-flow-from-investing-activities,net-long-term-debt,net-current-debt,debt-issuance-retirement-net-total,net-common-equity-issued-repurchased,net-total-equity-issued-repurchased,total-common-preferred-stock-dividends-paid,financial-activities-other,cash-flow-from-financial-activities,net-cash-flow,stock-based-compensation,common-stock-dividends-paid
0,2018-09-30,1.71,$1.31,1.31,$5.23,0.33,$-0.18,0.0,$-0.24,0.0,$0.03B,$0.02B,1.41,$0.02B,$0.03B,0.53,$0.18B,$0.03B,18.89%,$0.18B,$0.01B,2.78%,$0.18B,$0.01B,2.78%,$0.18B,$0.01B,6.67%,$0.18B,$-0.00B,-0.56%,$0.18B,$-0.01B,-4.44%,$-0.01B,$0.05B,-15.76%,$-0.01B,$0.04B,-21.77%,$-0.01B,$0.09B,-9.28%,$0.01B,$0.07B,7.63%,$51,$43,$8,$0,$6,$50,$1,$-3,$-2,$0,$-2,$-2,$-5,$3,$1,$35,35,$-0.13,$-0.13,$2,$7,$0,$27,$48,$0,$13,$1,$62,$89,$19,$15,$4,$19,$38,$0,$-46,$0,$51,$89,$-2,$6,$2,$8,$-3,$-0,$0,$-1,$-5,$0,$-2,$0,$-0,$0,$0,$0,$0,$-2,$-0,$2,$2,$0,$0,$0,$0,$2,$1,$0,$0
1,2018-06-30,1.06,$1.56,0.68,$4.78,0.22,$-0.26,0.0,$-0.23,0.0,$0.02B,$0.02B,1.38,$0.02B,$0.03B,0.53,$0.16B,$0.03B,18.63%,$0.16B,0,0.00%,$0.16B,0,0.00%,$0.16B,$0.01B,4.35%,$0.16B,$-0.00B,-1.24%,$0.16B,$-0.01B,-4.35%,$-0.01B,$0.05B,-13.79%,$-0.01B,$0.04B,-19.18%,$-0.01B,$0.09B,-8.28%,$0.00B,$0.07B,0.00%,$47,$37,$10,$0,$5,$44,$3,$-0,$3,$0,$3,$3,$1,$5,$3,$33,37,$0.03,$0.03,$2,$8,$0,$24,$48,$0,$14,$1,$63,$87,$18,$15,$2,$17,$35,$0,$-42,$0,$52,$87,$0,$4,$0,$4,$-1,$-2,$0,$0,$-1,$3,$-1,$0,$-0,$0,$0,$0,$0,$-2,$-0,$-1,$-1,$0,$0,$0,$0,$-1,$1,$0,$0
2,2018-03-31,1.12,$1.48,0.76,$4.65,0.24,$-0.35,0.0,$-0.34,0.0,$0.02B,$0.02B,1.25,$0.02B,$0.03B,0.57,$0.15B,$0.03B,16.56%,$0.15B,$-0.01B,-3.31%,$0.15B,$-0.01B,-3.31%,$0.15B,$0.00B,1.32%,$0.15B,$-0.01B,-4.64%,$0.15B,$-0.01B,-7.28%,$-0.01B,$0.05B,-21.46%,$-0.01B,$0.04B,-29.93%,$-0.01B,$0.09B,-13.17%,$-0.01B,$0.06B,-7.69%,$41,$35,$7,$0,$6,$42,$-1,$-2,$-2,$-2,$0,$0,$-3,$1,$-1,$33,33,$-0.10,$-0.10,$0,$8,$0,$22,$48,$0,$14,$0,$62,$85,$18,$15,$3,$18,$36,$0,$-43,$0,$49,$85,$-2,$2,$0,$2,$0,$-2,$0,$-0,$-1,$-1,$-0,$0,$0,$0,$0,$0,$0,$-0,$0,$0,$0,$0,$0,$0,$0,$0,$-1,$0,$0
3,2017-12-31,0.95,$1.57,0.6,$4.46,0.21,$-0.31,0.0,$-0.36,0.0,$0.02B,$0.02B,1.21,$0.01B,$0.03B,0.48,$0.15B,$0.02B,15.17%,$0.15B,$-0.01B,-4.83%,$0.15B,$-0.01B,-4.83%,$0.15B,0,0.00%,$0.15B,$-0.01B,-5.52%,$0.15B,$-0.01B,-8.28%,$-0.01B,$0.05B,-22.75%,$-0.01B,$0.04B,-31.58%,$-0.01B,$0.08B,-14.59%,$-0.01B,$0.07B,-10.69%,$41,$33,$9,$0,$5,$40,$2,$-2,$-0,$3,$-3,$-3,$-1,$3,$2,$33,33,$-0.04,$-0.04,$1,$6,$0,$20,$49,$0,$14,$0,$64,$84,$17,$14,$2,$16,$33,$0,$-40,$0,$51,$84,$-8,$7,$-1,$6,$-0,$-2,$0,$1,$-0,$-3,$-2,$0,$-2,$0,$0,$0,$0,$-4,$0,$6,$6,$0,$0,$0,$-2,$5,$-2,$1,$0
4,2017-09-30,0.76,$1.57,0.48,$4.21,0.18,$-0.06,0.0,$-0.51,0.0,$0.02B,$0.02B,1.07,$0.01B,$0.03B,0.44,$0.14B,$0.02B,13.33%,$0.14B,$-0.01B,-7.41%,$0.14B,$-0.01B,-7.41%,$0.14B,$-0.00B,-2.96%,$0.14B,$-0.01B,-7.41%,$0.14B,$-0.02B,-12.59%,$-0.02B,$0.05B,-31.19%,$-0.02B,$0.04B,-43.04%,$-0.02B,$0.08B,-20.48%,$-0.01B,$0.06B,-15.56%,$32,$29,$4,$0,$6,$36,$-4,$1,$-3,$0,$-3,$-3,$-4,$-2,$-4,$33,33,$-0.12,$-0.12,$1,$5,$0,$17,$50,$0,$15,$0,$65,$82,$16,$13,$2,$15,$31,$0,$-39,$0,$51,$82,$-8,$6,$-2,$3,$2,$-0,$0,$0,$2,$-2,$-2,$0,$-2,$0,$0,$0,$0,$-4,$0,$6,$6,$0,$0,$0,$-2,$4,$-2,$0,$0
5,2017-06-30,1.07,$1.66,0.65,$4.14,0.26,$0.14,7.89,$-0.42,0.0,$0.02B,$0.01B,1.4,$0.01B,$0.03B,0.4,$0.13B,$0.02B,15.27%,$0.13B,$-0.01B,-5.34%,$0.13B,$-0.01B,-5.34%,$0.13B,$-0.00B,-0.76%,$0.13B,$-0.01B,-5.34%,$0.13B,$-0.01B,-10.69%,$-0.01B,$0.05B,-24.56%,$-0.01B,$0.04B,-33.53%,$-0.01B,$0.08B,-16.67%,$-0.01B,$0.07B,-10.94%,$37,$31,$5,$0,$5,$38,$-2,$-0,$-2,$0,$-2,$-2,$-3,$0,$-2,$32,32,$-0.08,$-0.08,$2,$5,$0,$17,$50,$0,$15,$0,$66,$83,$12,$13,$3,$16,$28,$0,$-35,$0,$54,$83,$-5,$4,$-1,$3,$1,$-0,$0,$2,$2,$-1,$-1,$0,$-2,$0,$0,$0,$0,$-3,$0,$4,$4,$0,$0,$0,$-2,$2,$-1,$0,$0
6,2017-03-31,1.11,$1.72,0.64,$3.82,0.29,$0.35,3.14,$-0.55,0.0,$0.02B,$0.01B,1.36,$0.01B,$0.04B,0.31,$0.12B,$0.02B,16.95%,$0.12B,$-0.01B,-5.08%,$0.12B,$-0.01B,-5.08%,$0.12B,0,0.00%,$0.12B,$-0.01B,-4.24%,$0.12B,$-0.02B,-14.41%,$-0.02B,$0.06B,-28.94%,$-0.02B,$0.04B,-39.31%,$-0.02B,$0.08B,-20.00%,$-0.01B,$0.07B,-9.49%,$35,$31,$4,$0,$5,$38,$-3,$-0,$-3,$-3,$0,$0,$-4,$-1,$-3,$33,33,$-0.12,$-0.12,$2,$5,$0,$15,$50,$0,$15,$1,$66,$80,$11,$11,$3,$14,$25,$0,$-32,$0,$55,$80,$-3,$2,$-1,$1,$4,$-0,$0,$1,$3,$1,$-1,$0,$-0,$0,$0,$0,$0,$-1,$0,$0,$0,$0,$0,$0,$-2,$-2,$-2,$0,$0
7,2016-12-31,1.31,$1.76,0.74,$3.25,0.4,$0.72,1.82,$-0.50,0.0,$0.02B,$0.02B,0.94,$0.00B,$0.04B,0.05,$0.10B,$0.02B,16.49%,$0.10B,$-0.01B,-10.31%,$0.10B,$-0.01B,-10.31%,$0.10B,$-0.00B,-3.09%,$0.10B,$-0.00B,-4.12%,$0.10B,$-0.02B,-15.46%,$-0.02B,$0.06B,-25.42%,$-0.02B,$0.04B,-34.88%,$-0.02B,$0.09B,-17.49%,$-0.01B,$0.06B,-16.19%,$31,$26,$5,$0,$5,$32,$-1,$-1,$-2,$0,$-2,$-2,$-6,$-1,$-1,$31,31,$-0.20,$-0.20,$3,$4,$0,$21,$50,$0,$15,$1,$66,$87,$22,$2,$4,$6,$29,$0,$-28,$0,$58,$87,$-4,$6,$-8,$-1,$-5,$-1,$0,$-2,$-9,$-14,$17,$0,$0,$0,$0,$0,$0,$17,$0,$-12,$-12,$0,$12,$0,$0,$-1,$2,$1,$0
8,2016-09-30,1.15,$1.95,0.59,$2.97,0.39,$0.09,12.29,$-0.44,0.0,$0.02B,$0.02B,1.0,$0.00B,$0.04B,0.07,$0.09B,$0.01B,12.64%,$0.09B,$-0.01B,-12.64%,$0.09B,$-0.01B,-12.64%,$0.09B,$-0.00B,-3.45%,$0.09B,$-0.01B,-5.75%,$0.09B,$-0.01B,-14.94%,$-0.01B,$0.06B,-22.51%,$-0.01B,$0.05B,-31.52%,$-0.01B,$0.09B,-14.86%,$-0.01B,$0.06B,-17.96%,$28,$22,$6,$0,$5,$29,$-1,$1,$-0,$0,$-0,$-0,$-1,$1,$-1,$31,31,$-0.03,$-0.03,$5,$4,$0,$19,$51,$0,$16,$0,$67,$86,$19,$3,$4,$6,$26,$0,$-22,$0,$61,$86,$-2,$6,$-10,$-4,$-0,$-0,$0,$-3,$-8,$-13,$16,$0,$0,$0,$0,$0,$2,$18,$0,$-12,$-12,$0,$12,$0,$0,$-0,$4,$1,$0
9,2016-06-30,1.33,$2.04,0.65,$3.44,0.39,$-0.29,0.0,$-0.52,0.0,$0.02B,$0.02B,0.96,$0.00B,$0.04B,0.09,$0.10B,$0.01B,10.20%,$0.10B,$-0.01B,-12.24%,$0.10B,$-0.01B,-12.24%,$0.10B,$-0.01B,-5.10%,$0.10B,$-0.01B,-7.14%,$0.10B,$-0.02B,-15.31%,$-0.02B,$0.06B,-26.55%,$-0.02B,$0.05B,-39.22%,$-0.02B,$0.09B,-16.17%,$-0.01B,$0.06B,-18.53%,$24,$19,$5,$0,$5,$25,$-1,$1,$-0,$0,$-0,$-0,$-6,$1,$-1,$30,30,$-0.21,$-0.21,$5,$4,$0,$18,$53,$0,$16,$0,$70,$87,$18,$4,$5,$8,$27,$0,$-21,$0,$61,$87,$-1,$5,$-9,$-4,$-1,$-0,$0,$0,$-6,$-12,$17,$0,$0,$0,$0,$0,$-2,$15,$0,$-12,$-12,$0,$12,$0,$0,$-0,$3,$1,$0
10,2016-03-31,1.95,$1.88,1.04,$4.36,0.45,$-0.78,0.0,$-0.33,0.0,$0.01B,$0.02B,0.59,$0.00B,$0.04B,0.1,$0.12B,$0.01B,8.13%,$0.12B,$-0.01B,-10.57%,$0.12B,$-0.01B,-10.57%,$0.12B,$-0.01B,-4.88%,$0.12B,$-0.01B,-5.69%,$0.12B,$-0.01B,-7.32%,$-0.01B,$0.06B,-16.14%,$-0.01B,$0.04B,-25.00%,$-0.01B,$0.08B,-8.91%,$-0.01B,$0.06B,-18.84%,$14,$14,$-0,$0,$5,$22,$-7,$6,$-2,$-0,$-1,$-1,$-2,$-4,$-7,$29,29,$-0.07,$-0.07,$2,$5,$0,$11,$53,$0,$17,$2,$72,$83,$19,$4,$4,$8,$27,$0,$-14,$0,$56,$83,$-1,$3,$-7,$-4,$3,$-1,$0,$1,$-1,$-7,$18,$0,$0,$0,$0,$0,$-2,$16,$0,$-12,$-12,$0,$4,$0,$0,$-8,$1,$0,$0
11,2015-12-31,1.1,$1.87,0.59,$5.22,0.21,$-1.25,0.0,$-0.86,0.0,$0.02B,$0.03B,0.69,$0.01B,$0.04B,0.14,$0.15B,$0.01B,6.80%,$0.15B,$-0.01B,-8.84%,$0.15B,$-0.01B,-8.84%,$0.15B,$-0.01B,-5.44%,$0.15B,$-0.02B,-11.56%,$0.15B,$-0.02B,-16.33%,$-0.02B,$0.05B,-45.93%,$-0.02B,$0.04B,-77.42%,$-0.02B,$0.09B,-21.92%,$-0.01B,$0.06B,-20.08%,$21,$20,$0,$0,$7,$23,$-2,$-1,$-3,$0,$-3,$-3,$-4,$-1,$-2,$28,28,$-0.13,$-0.13,$1,$4,$11,$23,$53,$0,$17,$0,$70,$94,$34,$6,$2,$7,$41,$0,$-12,$0,$53,$94,$-23,$7,$-1,$6,$2,$9,$0,$1,$4,$-13,$-2,$0,$-1,$0,$0,$0,$2,$-0,$0,$-15,$-15,$0,$24,$0,$0,$8,$-5,$0,$0
12,2015-09-30,2.14,$1.98,1.08,$7.11,0.3,$-1.04,0.0,$-1.20,0.0,$0.02B,$0.02B,0.99,$0.02B,$0.05B,0.49,$0.19B,$0.01B,2.65%,$0.19B,$-0.02B,-11.64%,$0.19B,$-0.02B,-11.64%,$0.19B,$-0.02B,-8.99%,$0.19B,$-0.03B,-13.76%,$0.19B,$-0.03B,-16.40%,$-0.03B,$0.06B,-57.67%,$-0.03B,$0.03B,-100.81%,$-0.03B,$0.11B,-25.94%,$-0.02B,$0.08B,-33.59%,$39,$34,$5,$0,$6,$42,$-2,$0,$-2,$0,$-2,$-2,$-3,$-1,$-2,$28,28,$-0.11,$-0.11,$4,$4,$0,$19,$55,$0,$23,$0,$88,$107,$19,$22,$10,$32,$51,$0,$-8,$0,$56,$107,$-19,$5,$3,$8,$5,$9,$0,$-1,$4,$-8,$-1,$0,$-1,$0,$0,$0,$-1,$-3,$0,$-15,$-15,$0,$24,$0,$0,$9,$-2,$0,$0
13,2015-06-30,2.37,$2.06,1.15,$8.77,0.27,$-1.35,0.0,$-1.17,0.0,$0.03B,$0.03B,1.12,$0.02B,$0.05B,0.48,$0.23B,$0.00B,1.32%,$0.23B,$-0.02B,-9.25%,$0.23B,$-0.02B,-9.25%,$0.23B,$-0.02B,-7.05%,$0.23B,$-0.03B,-11.45%,$0.23B,$-0.03B,-13.22%,$-0.03B,$0.06B,-54.05%,$-0.03B,$0.04B,-91.60%,$-0.03B,$0.12B,-23.81%,$-0.02B,$0.08B,-33.60%,$49,$44,$5,$0,$6,$51,$-2,$1,$-0,$0,$-0,$-0,$-0,$-0,$-2,$28,28,$-0.02,$-0.02,$6,$9,$0,$32,$55,$0,$23,$0,$89,$120,$28,$23,$11,$34,$62,$0,$-5,$0,$58,$120,$-17,$3,$4,$7,$-0,$4,$0,$1,$3,$-8,$-1,$0,$0,$0,$0,$0,$-1,$-2,$0,$-15,$-15,$0,$24,$0,$0,$9,$-0,$0,$0
14,2015-03-31,3.7,$1.48,2.49,$9.93,0.37,$-1.00,0.0,$-0.87,0.0,$0.03B,$0.07B,0.42,$0.00B,$0.04B,0.04,$0.25B,$0.01B,2.40%,$0.25B,$-0.02B,-7.20%,$0.25B,$-0.02B,-7.20%,$0.25B,$-0.01B,-5.60%,$0.25B,$-0.02B,-7.60%,$0.25B,$-0.02B,-9.20%,$-0.02B,$0.04B,-40.35%,$-0.02B,$0.02B,-66.67%,$-0.02B,$0.12B,-17.56%,$-0.02B,$0.04B,-26.28%,$38,$38,$-0,$0,$5,$45,$-7,$-4,$-12,$5,$-17,$-17,$-17,$-6,$-7,$28,28,$-0.60,$-0.60,$4,$12,$0,$28,$55,$0,$23,$0,$89,$117,$68,$2,$6,$8,$76,$0,$-5,$0,$42,$117,$-17,$2,$6,$8,$2,$1,$0,$3,$7,$-3,$-0,$0,$0,$0,$0,$0,$0,$-0,$0,$0,$0,$0,$0,$0,$0,$0,$-2,$0,$0
15,2014-12-31,4.19,$2.09,2.01,$10.58,0.4,$-0.79,0.0,$-0.23,0.0,$0.03B,$0.06B,0.54,$0.00B,$0.06B,0.04,$0.26B,$0.01B,4.25%,$0.26B,$-0.01B,-3.86%,$0.26B,$-0.01B,-3.86%,$0.26B,$-0.01B,-2.32%,$0.26B,$-0.01B,-2.32%,$0.26B,$-0.01B,-1.93%,$-0.01B,$0.06B,-8.93%,$-0.01B,$0.04B,-14.49%,$-0.01B,$0.13B,-4.23%,$-0.01B,$0.06B,-14.49%,$63,$67,$-5,$0,$6,$74,$-11,$-0,$-12,$-0,$-11,$-11,$-11,$-10,$-11,$24,24,$-0.50,$-0.47,$6,$13,$1,$34,$56,$0,$23,$0,$100,$134,$63,$2,$6,$12,$75,$0,$12,$0,$59,$134,$-6,$4,$-11,$-7,$1,$2,$0,$2,$11,$-2,$-6,$0,$-31,$0,$0,$0,$-3,$-40,$0,$30,$30,$18,$18,$0,$-3,$45,$3,$0,$0
16,2014-09-30,6.96,$2.47,2.82,$10.27,0.68,$-0.39,0.0,$0.36,19.33,$0.06B,$0.06B,0.86,$0.00B,$0.06B,0.03,$0.24B,$0.02B,8.64%,$0.24B,$0.00B,0.82%,$0.24B,$0.00B,0.82%,$0.24B,$0.01B,2.47%,$0.24B,$0.01B,2.88%,$0.24B,$0.01B,3.70%,$0.01B,$0.06B,17.73%,$0.01B,$0.04B,29.51%,$0.01B,$0.13B,8.91%,$0.00B,$0.07B,3.08%,$77,$74,$3,$0,$5,$78,$-1,$-1,$-2,$0,$-2,$-2,$-2,$0,$-1,$25,25,$-0.08,$-0.08,$1,$19,$0,$56,$48,$0,$21,$3,$77,$133,$64,$2,$3,$6,$70,$0,$23,$0,$63,$133,$6,$3,$-8,$-5,$-10,$-6,$0,$-5,$-12,$-12,$-4,$0,$-30,$0,$0,$0,$0,$-34,$0,$31,$31,$16,$16,$0,$-3,$44,$-1,$0,$0
17,2014-06-30,9.71,$2.57,3.77,$9.55,1.02,$0.42,22.91,$0.56,17.34,$0.06B,$0.03B,2.15,$0.04B,$0.06B,0.63,$0.21B,$0.02B,10.80%,$0.21B,$0.01B,2.35%,$0.21B,$0.01B,2.35%,$0.21B,$0.01B,4.23%,$0.21B,$0.01B,5.16%,$0.21B,$0.01B,6.10%,$0.01B,$0.06B,31.33%,$0.01B,$0.04B,59.09%,$0.01B,$0.14B,16.10%,$0.01B,$0.11B,8.85%,$72,$64,$8,$0,$4,$71,$1,$6,$7,$0,$7,$7,$7,$2,$1,$23,25,$0.31,$0.28,$20,$16,$0,$63,$47,$0,$22,$3,$77,$140,$29,$40,$5,$46,$75,$0,$25,$0,$64,$140,$8,$2,$-6,$-5,$-1,$-4,$0,$-4,$1,$4,$-3,$0,$-29,$0,$0,$0,$0,$-31,$0,$31,$31,$16,$16,$0,$-2,$45,$17,$0,$0
18,2014-03-31,6.45,$1.81,3.57,$8.42,0.77,$0.41,15.74,$0.38,16.97,$0.03B,$0.02B,1.4,$0.01B,$0.04B,0.16,$0.18B,$0.02B,10.23%,$0.18B,$0.01B,3.41%,$0.18B,$0.01B,3.41%,$0.18B,$0.01B,5.68%,$0.18B,$0.01B,3.41%,$0.18B,$0.01B,4.55%,$0.01B,$0.04B,25.40%,$0.01B,$0.02B,64.00%,$0.01B,$0.07B,13.62%,$0.01B,$0.05B,15.38%,$47,$42,$5,$0,$4,$46,$1,$-0,$1,$0,$1,$1,$1,$2,$1,$21,24,$0.04,$0.04,$5,$8,$0,$25,$15,$0,$20,$0,$41,$66,$18,$6,$3,$10,$28,$0,$18,$0,$38,$66,$1,$1,$0,$1,$0,$1,$0,$-1,$2,$3,$-1,$0,$0,$0,$0,$0,$0,$-1,$0,$-0,$-0,$0,$0,$0,$0,$-0,$2,$0,$0
19,2013-12-31,3.35,$1.81,1.85,$8.08,0.41,$0.43,7.83,$0.39,8.59,$0.02B,$0.02B,1.5,$0.01B,$0.04B,0.17,$0.16B,$0.02B,9.88%,$0.16B,$0.01B,3.70%,$0.16B,$0.01B,3.70%,$0.16B,$0.01B,6.17%,$0.16B,$0.01B,3.70%,$0.16B,$0.01B,4.94%,$0.01B,$0.04B,29.09%,$0.01B,$0.02B,96.97%,$0.01B,$0.07B,14.68%,$0.01B,$0.05B,16.78%,$47,$41,$5,$0,$4,$45,$1,$-0,$1,$-2,$3,$3,$3,$2,$1,$18,20,$0.14,$0.12,$3,$9,$0,$24,$15,$0,$20,$0,$40,$65,$16,$7,$3,$10,$26,$0,$18,$0,$38,$65,$8,$2,$-4,$-2,$-3,$-3,$0,$-0,$-2,$4,$-3,$0,$-1,$0,$0,$0,$1,$-2,$0,$-9,$-9,$9,$9,$0,$0,$-0,$2,$0,$0
20,2013-09-30,3.02,$1.45,2.08,$7.93,0.38,$0.46,6.5,$0.28,10.78,$0.02B,$0.02B,0.98,$0.01B,$0.03B,0.19,$0.15B,$0.01B,9.52%,$0.15B,$0.01B,3.40%,$0.15B,$0.01B,3.40%,$0.15B,$0.01B,6.12%,$0.15B,$0.01B,3.40%,$0.15B,$0.01B,3.40%,$0.01B,$0.03B,21.74%,$0.01B,$0.01B,133.33%,$0.01B,$0.05B,9.90%,$0.01B,$0.03B,15.27%,$47,$42,$5,$0,$2,$44,$2,$-0,$2,$-0,$2,$2,$2,$3,$2,$18,20,$0.13,$0.12,$1,$8,$0,$17,$12,$0,$19,$0,$34,$52,$18,$5,$3,$8,$26,$0,$15,$0,$26,$52,$5,$2,$-2,$-0,$-1,$-2,$4,$-0,$0,$5,$-2,$0,$-0,$0,$0,$0,$1,$-1,$0,$-5,$-5,$0,$0,$0,$0,$-5,$-0,$0,$0
21,2013-06-30,2.99,$1.33,2.25,$7.78,0.38,$0.40,7.54,$0.29,10.31,$0.02B,$0.01B,1.28,$0.01B,$0.02B,0.49,$0.14B,$0.01B,8.82%,$0.14B,$0.00B,2.21%,$0.14B,$0.00B,2.21%,$0.14B,$0.01B,5.15%,$0.14B,$0.00B,2.21%,$0.14B,$0.01B,3.68%,$0.01B,$0.02B,23.26%,$0.01B,$0.01B,250.00%,$0.01B,$0.05B,9.95%,$0.00B,$0.04B,9.02%,$35,$33,$3,$0,$2,$33,$2,$-0,$2,$0,$2,$2,$2,$3,$2,$17,20,$0.11,$0.10,$0,$9,$0,$18,$12,$0,$19,$0,$34,$52,$14,$11,$3,$15,$29,$0,$13,$0,$24,$52,$3,$1,$-2,$-1,$-1,$-3,$4,$-0,$-1,$2,$-1,$0,$-0,$0,$0,$0,$1,$-0,$0,$-2,$-2,$0,$0,$0,$0,$-2,$-1,$0,$0
22,2013-03-31,3.21,$1.25,2.56,$9.10,0.35,$0.73,4.42,$0.17,18.88,$0.02B,$0.01B,1.22,$0.01B,$0.02B,0.48,$0.13B,$0.01B,7.58%,$0.13B,$0.00B,0.76%,$0.13B,$0.00B,0.76%,$0.13B,$0.00B,3.03%,$0.13B,$0.00B,0.76%,$0.13B,$0.00B,2.27%,$0.00B,$0.02B,16.44%,$0.00B,$0.00B,100.00%,$0.00B,$0.05B,7.14%,$0.00B,$0.03B,3.67%,$33,$30,$3,$0,$2,$32,$1,$-0,$1,$0,$1,$1,$1,$2,$1,$17,20,$0.06,$0.05,$1,$6,$0,$15,$11,$0,$19,$0,$34,$49,$12,$10,$5,$15,$28,$0,$11,$0,$22,$49,$1,$1,$0,$1,$-0,$-0,$0,$-0,$1,$3,$-1,$0,$-0,$0,$0,$0,$1,$0,$0,$-3,$-3,$0,$0,$0,$0,$-3,$1,$0,$0
23,2012-12-31,3.16,$1.20,2.63,$9.70,0.33,$0.83,3.79,$0.22,14.36,$0.01B,$0.01B,1.35,$0.01B,$0.02B,0.64,$0.13B,$0.01B,7.46%,$0.13B,$0.00B,1.49%,$0.13B,$0.00B,1.49%,$0.13B,$0.00B,2.99%,$0.13B,$0.00B,1.49%,$0.13B,$0.00B,2.99%,$0.00B,$0.02B,25.81%,$0.00B,$0.00B,84.21%,$0.00B,$0.05B,11.43%,$0.00B,$0.03B,9.09%,$32,$29,$3,$0,$2,$32,$0,$-0,$0,$0,$0,$0,$0,$1,$0,$12,15,$-0.02,$0.04,$1,$6,$0,$14,$12,$0,$19,$0,$35,$49,$11,$13,$5,$18,$29,$0,$10,$0,$20,$49,$4,$1,$-1,$-1,$0,$1,$-1,$-0,$-0,$3,$-1,$0,$-2,$0,$0,$0,$0,$-3,$0,$0,$0,$0,$0,$0,$0,$0,$0,$0,$0
24,2012-09-30,2.18,$1.32,1.65,$10.91,0.2,$0.69,3.14,$0.44,4.95,$0.02B,$0.01B,1.29,$0.01B,$0.02B,0.64,$0.13B,$0.01B,6.02%,$0.13B,$0.00B,1.50%,$0.13B,$0.00B,1.50%,$0.13B,$0.00B,2.26%,$0.13B,$0.00B,1.50%,$0.13B,$0.01B,4.51%,$0.01B,$0.02B,47.06%,$0.01B,$0.00B,96.00%,$0.01B,$0.05B,22.22%,$0.00B,$0.03B,12.50%,$36,$33,$3,$0,$2,$36,$0,$-0,$0,$-2,$2,$2,$2,$1,$0,$12,16,$0.17,$0.13,$1,$7,$0,$16,$11,$0,$20,$0,$34,$51,$13,$13,$5,$18,$30,$0,$10,$0,$20,$51,$4,$0,$-2,$-1,$-1,$-0,$0,$-0,$-0,$2,$-0,$-0,$-1,$0,$0,$0,$0,$-2,$0,$-0,$-0,$0,$0,$0,$0,$0,$0,$0,$0
25,2012-06-30,1.4,$1.02,1.37,$10.62,0.13,$0.55,2.57,$0.37,3.78,$0.02B,$0.01B,1.87,$0.00B,$0.01B,0.0,$0.13B,$0.01B,5.51%,$0.13B,$0.00B,2.36%,$0.13B,$0.00B,2.36%,$0.13B,$0.00B,2.36%,$0.13B,$0.00B,2.36%,$0.13B,$0.01B,3.94%,$0.01B,$0.01B,52.63%,$0.01B,$0.01B,66.67%,$0.01B,$0.02B,26.67%,$0.00B,$0.01B,31.58%,$31,$31,$1,$0,$1,$31,$-0,$0,$-0,$-0,$-0,$-0,$-0,$-0,$-0,$10,10,$-0.02,$-0.02,$4,$7,$0,$15,$0,$0,$2,$0,$4,$19,$8,$0,$0,$0,$8,$0,$7,$0,$11,$19,$1,$0,$0,$0,$2,$-0,$0,$-0,$2,$4,$-0,$-0,$0,$0,$0,$0,$0,$-0,$0,$0,$0,$0,$0,$0,$0,$0,$4,$0,$0
26,2012-03-31,2.1,$1.16,1.81,$9.53,0.22,$0.33,6.33,$0.49,4.29,$0.02B,$0.01B,1.69,$0.00B,$0.01B,0.0,$0.12B,$0.01B,6.45%,$0.12B,$0.00B,3.23%,$0.12B,$0.00B,3.23%,$0.12B,$0.00B,3.23%,$0.12B,$0.00B,3.23%,$0.12B,$0.01B,4.84%,$0.01B,$0.01B,72.73%,$0.01B,$0.01B,96.00%,$0.01B,$0.02B,34.78%,$0.00B,$0.01B,48.48%,$35,$32,$3,$0,$1,$33,$2,$0,$2,$0,$2,$2,$2,$2,$2,$9,15,$0.17,$0.10,$4,$7,$0,$17,$0,$0,$2,$0,$4,$21,$10,$0,$0,$0,$10,$0,$8,$0,$11,$21,$2,$0,$0,$0,$-1,$-1,$1,$0,$2,$4,$-0,$-0,$0,$0,$0,$0,$0,$-0,$0,$0,$0,$0,$0,$0,$0,$0,$4,$0,$0
27,2011-12-31,2.05,$0.99,2.07,$8.74,0.23,$0.13,15.29,$0.48,4.27,$0.01B,$0.01B,1.73,$0.00B,$0.01B,0.0,$0.11B,$0.01B,6.42%,$0.11B,$0.00B,2.75%,$0.11B,$0.00B,2.75%,$0.11B,$0.00B,2.75%,$0.11B,$0.00B,2.75%,$0.11B,$0.01B,4.59%,$0.01B,$0.01B,76.92%,$0.01B,$0.01B,111.11%,$0.01B,$0.02B,33.90%,$0.00B,$0.01B,46.15%,$31,$30,$1,$0,$1,$31,$0,$-0,$0,$-2,$2,$2,$2,$0,$0,$9,9,$0.23,$0.23,$1,$6,$0,$13,$0,$0,$2,$0,$4,$17,$7,$0,$0,$0,$7,$0,$6,$0,$9,$17,$6,$0,$-2,$0,$-4,$-3,$0,$0,$-4,$-0,$-0,$-0,$0,$0,$0,$0,$-0,$-0,$0,$0,$0,$0,$0,$0,$0,$0,$-0,$0,$0
28,2011-09-30,2.7,$0.00,0.0,$6.37,0.42,$0.15,18.23,$0.28,9.64,$0.02B,$0.01B,1.48,$0.00B,$0.01B,0.0,$0.09B,$0.02B,23.40%,$0.09B,$0.02B,20.21%,$0.09B,$0.02B,20.21%,$0.09B,$0.02B,20.21%,$0.09B,$0.02B,20.21%,$0.09B,$0.00B,3.19%,$0.00B,$0.01B,70.59%,$0.00B,$0.01B,109.09%,$0.00B,$0.02B,28.57%,$0.02B,$0.01B,447.06%,$30,$28,$2,$0,$1,$29,$1,$-0,$1,$0,$1,$1,$1,$1,$1,$9,16,$0.11,$0.06,$1,$9,$0,$16,$0,$0,$2,$0,$2,$18,$11,$0,$0,$0,$11,$0,$4,$0,$7,$18,$4,$0,$0,$0,$-4,$-5,$1,$1,$-4,$-0,$-0,$-0,$0,$0,$0,$0,$0,$-0,$0,$1,$1,$0,$0,$0,$0,$1,$1,$0,$0
29,2011-06-30,2.75,$0.00,0.0,$5.44,0.51,$0.18,15.29,$0.24,11.46,$0.01B,$0.01B,1.53,$0.00B,$0.01B,0.0,$0.08B,$0.02B,27.27%,$0.08B,$0.02B,23.38%,$0.08B,$0.02B,23.38%,$0.08B,$0.02B,23.38%,$0.08B,$0.02B,23.38%,$0.08B,$0.00B,2.60%,$0.00B,$0.01B,61.54%,$0.00B,$0.00B,114.29%,$0.00B,$0.01B,25.00%,$0.02B,$0.01B,553.85%,$28,$25,$2,$0,$1,$26,$1,$-0,$1,$0,$1,$1,$1,$2,$1,$9,14,$0.17,$0.10,$3,$6,$0,$11,$0,$0,$2,$0,$2,$13,$7,$0,$0,$0,$7,$0,$3,$0,$6,$13,$3,$0,$0,$0,$-1,$-2,$1,$-0,$-1,$2,$-0,$0,$0,$0,$0,$0,$-0,$-0,$0,$0,$0,$0,$0,$0,$0,$0,$2,$0,$0
30,2011-03-31,0.88,$0.00,0.0,$4.61,0.19,$0.13,6.8,$0.16,5.5,$0.01B,$0.01B,1.36,$0.00B,$0.00B,0.0,$0.07B,$0.02B,30.77%,$0.07B,$0.02B,26.15%,$0.07B,$0.02B,26.15%,$0.07B,$0.02B,26.15%,$0.07B,$0.02B,26.15%,$0.07B,$0.00B,1.54%,$0.00B,$0.00B,44.44%,$0.00B,$0.00B,133.33%,$0.00B,$0.01B,14.29%,$0.02B,$0.00B,755.56%,$20,$18,$2,$0,$1,$19,$1,$-0,$1,$0,$1,$1,$1,$1,$1,$8,14,$0.14,$0.09,$1,$6,$0,$9,$0,$0,$2,$0,$2,$11,$7,$0,$1,$1,$7,$0,$1,$0,$4,$11,$1,$0,$0,$0,$-0,$-2,$1,$-0,$-1,$1,$0,$0,$0,$0,$0,$0,$-0,$-0,$0,$0,$0,$0,$0,$0,$0,$0,$0,$0,$0
31,2010-12-31,0.68,$0.00,0.0,$4.12,0.17,$0.01,58.46,$0.09,7.6,$0.00B,$0.00B,0.0,$0.00B,$0.00B,0.0,$0.06B,$0.02B,32.76%,$0.06B,$0.02B,27.59%,$0.06B,$0.02B,27.59%,$0.06B,$0.02B,27.59%,$0.06B,$0.02B,27.59%,$0.06B,0,0.00%,$0.00B,$0.00B,0.00%,$0.00B,$0.00B,0.00%,$0.00B,$0.00B,0.00%,$0.02B,$0.00B,1066.67%,$16,$0,$16,$0,$0,$0,$16,$0,$16,$0,$16,$0,$0,$16,$16,$8,16,$0.06,$0.03,$0,$0,$0,$0,$0,$0,$0,$0,$0,$0,$0,$0,$0,$0,$0,$0,$0,$0,$0,$0,$0,$0,$0,$0,$0,$0,$0,$0,$0,$0,$0,$0,$0,$0,$0,$0,$0,$0,$0,$0,$0,$0,$0,$0,$0,$0,$0,$0,$0
32,2010-09-30,0.7,$0.00,0.0,$5.00,0.14,$0.10,7.04,$0.06,11.67,$0.01B,$0.01B,1.13,$0.00B,$0.00B,0.0,$0.06B,$-0.00B,-7.14%,$0.06B,$-0.01B,-14.29%,$0.06B,$-0.01B,-14.29%,$0.06B,$-0.01B,-14.29%,$0.06B,0,0.00%,$0.06B,0,0.00%,$0.00B,$0.00B,0.00%,$0.00B,$0.00B,nan%,$0.00B,$0.01B,0.00%,$-0.01B,$0.00B,-457.14%,$13,$12,$1,$0,$1,$13,$0,$0,$0,$0,$0,$0,$0,$0,$0,$8,14,$0.03,$0.02,$1,$2,$0,$6,$0,$0,$2,$0,$2,$8,$5,$0,$0,$0,$5,$0,$-0,$0,$3,$8,$1,$0,$0,$0,$0,$0,$0,$0,$-1,$0,$-0,$0,$0,$0,$0,$0,$-0,$-0,$0,$0,$0,$0,$1,$0,$0,$1,$1,$0,$0
33,2010-06-30,0.9,$0.00,0.0,$4.89,0.18,$0.09,9.71,$0.09,10.0,$0.01B,$0.01B,1.07,$0.00B,$0.00B,0.0,$0.06B,$-0.00B,-5.45%,$0.06B,$-0.01B,-12.73%,$0.06B,$-0.01B,-12.73%,$0.06B,$-0.01B,-12.73%,$0.06B,$0.00B,1.82%,$0.06B,$0.00B,1.82%,$0.00B,$0.00B,80.00%,$0.00B,$0.00B,-200.00%,$0.00B,$0.01B,13.33%,$-0.01B,$0.00B,-560.00%,$16,$15,$1,$0,$1,$16,$0,$0,$0,$0,$0,$0,$0,$0,$0,$8,14,$0.03,$0.02,$3,$2,$0,$7,$0,$0,$2,$0,$2,$9,$6,$0,$1,$1,$7,$0,$-0,$0,$2,$9,$1,$0,$0,$0,$0,$0,$0,$0,$1,$1,$-0,$0,$0,$0,$0,$0,$-0,$-0,$0,$1,$0,$0,$1,$0,$-1,$1,$2,$0,$0
34,2010-03-31,0.92,$0.00,0.0,$4.40,0.21,$-0.04,0.0,$-0.02,0.0,$0.01B,$0.01B,0.94,$0.00B,$0.00B,0.0,$0.04B,$-0.00B,-9.09%,$0.04B,$-0.01B,-18.18%,$0.04B,$-0.01B,-18.18%,$0.04B,$-0.01B,-18.18%,$0.04B,0,0.00%,$0.04B,0,0.00%,$0.00B,$0.00B,0.00%,$0.00B,$0.00B,0.00%,$0.00B,$0.01B,0.00%,$-0.01B,$0.00B,-1066.67%,$13,$12,$1,$0,$1,$13,$0,$0,$0,$0,$0,$0,$0,$0,$0,$8,14,$0.03,$0.02,$0,$3,$0,$5,$0,$0,$2,$0,$2,$7,$6,$0,$0,$0,$6,$0,$-1,$0,$1,$7,$0,$0,$0,$0,$0,$0,$0,$0,$-1,$-1,$-0,$0,$0,$0,$0,$0,$-0,$-0,$0,$1,$0,$0,$0,$0,$-0,$1,$-0,$0,$0
35,2009-12-31,0.48,$0.00,0.0,$3.44,0.14,$0.01,39.02,$-0.16,0.0,$0.01B,$0.01B,0.9,$0.00B,$0.00B,0.0,$0.03B,$-0.01B,-16.13%,$0.03B,$-0.01B,-29.03%,$0.03B,$-0.01B,-29.03%,$0.03B,$-0.01B,-29.03%,$0.03B,$-0.00B,-3.23%,$0.03B,$-0.00B,-3.23%,$-0.00B,$0.00B,-44.44%,$-0.00B,$-0.00B,-133.33%,$-0.00B,$0.01B,-16.00%,$-0.01B,$0.00B,-400.00%,$14,$20,$-7,$0,$1,$21,$-8,$-0,$0,$0,$0,$0,$0,$-8,$-8,$7,7,$0.00,$0.00,$1,$3,$0,$6,$0,$0,$2,$0,$2,$8,$6,$0,$0,$0,$6,$0,$-1,$0,$1,$8,$-1,$0,$0,$0,$0,$0,$0,$0,$1,$1,$-0,$0,$0,$0,$0,$0,$-2,$-2,$0,$0,$0,$0,$0,$0,$2,$2,$0,$0,$0
36,2009-09-30,1.2,$0.00,0.0,$1.55,0.77,$-0.08,0.0,$-0.16,0.0,$0.00B,$0.01B,0.82,$0.00B,$0.00B,0.0,$0.02B,$0.00B,11.76%,$0.02B,$-0.00B,-11.76%,$0.02B,$-0.00B,-11.76%,$0.02B,$-0.00B,-17.65%,$0.02B,$-0.00B,-11.76%,$0.02B,$-0.00B,-11.76%,$-0.00B,$0.00B,-53.33%,$-0.00B,$-0.00B,-72.73%,$-0.00B,$0.01B,-32.00%,$-0.00B,$0.00B,-53.33%,$12,$10,$2,$0,$1,$11,$1,$0,$1,$0,$1,$1,$1,$1,$1,$8,14,$0.09,$0.05,$0,$2,$0,$4,$0,$0,$2,$0,$2,$6,$5,$0,$0,$0,$5,$0,$-1,$0,$1,$6,$-1,$0,$0,$0,$0,$0,$0,$0,$0,$-0,$-0,$0,$0,$0,$0,$0,$-2,$-2,$0,$0,$0,$0,$0,$-1,$3,$2,$0,$0,$0
37,2009-06-30,0.5,$0.00,0.0,$0.68,0.74,$-0.07,0.0,$-0.21,0.0,$0.00B,$0.00B,0.64,$0.00B,$0.00B,0.0,$0.01B,0,0.00%,$0.01B,$-0.00B,-80.00%,$0.01B,$-0.00B,-80.00%,$0.01B,$-0.01B,-100.00%,$0.01B,$-0.00B,-80.00%,$0.01B,$-0.00B,-80.00%,$-0.00B,$0.00B,-72.73%,$-0.00B,$-0.00B,-80.00%,$-0.00B,$0.00B,-59.26%,$-0.00B,$0.00B,-72.73%,$5,$5,$0,$0,$1,$6,$-1,$-0,$-1,$0,$-1,$-1,$-1,$-1,$-1,$8,8,$-0.09,$-0.09,$0,$1,$0,$3,$0,$0,$2,$0,$2,$4,$4,$0,$0,$0,$4,$0,$-2,$0,$0,$4,$-1,$0,$0,$0,$0,$0,$0,$0,$1,$-0,$-0,$0,$0,$0,$0,$0,$-1,$-1,$0,$0,$0,$0,$0,$-1,$3,$2,$0,$0,$0
38,2009-03-31,0.5,$0.00,0.0,0,0.0,$-0.03,0.0,$-0.12,0.0,$0.01B,$0.00B,21.84,$0.00B,$-0.03B,0.0,$0.00B,0,nan%,$0.00B,$-0.00B,inf%,$0.00B,$-0.00B,inf%,$0.00B,$-0.01B,inf%,$0.00B,$-0.00B,inf%,$0.00B,$-0.00B,inf%,$-0.00B,$0.01B,-53.33%,$-0.00B,$0.01B,-53.33%,$-0.00B,$0.01B,-50.00%,$-0.00B,$0.01B,-53.33%,$0,$0,$0,$0,$1,$1,$-1,$0,$-1,$0,$-1,$-1,$-1,$-1,$-1,$28,28,$-0.12,$-0.12,$6,$0,$0,$7,$0,$0,$0,$0,$0,$7,$0,$0,$0,$0,$0,$0,$-89,$0,$7,$7,$-1,$0,$0,$0,$0,$0,$0,$0,$-0,$-1,$0,$0,$0,$0,$0,$0,$-1,$-1,$0,$0,$0,$0,$0,$0,$0,$0,$-2,$0,$0
39,2008-12-31,0.2,$0.00,0.0,0,0.0,0,0.0,0,0.0,$0.01B,$0.00B,23.84,$0.00B,$-0.03B,0.0,$0.00B,0,nan%,$0.00B,$-0.01B,inf%,$0.00B,$-0.01B,inf%,$0.00B,$-0.01B,inf%,$0.00B,$-0.01B,inf%,$0.00B,$-0.01B,inf%,$-0.01B,$0.01B,-62.50%,$-0.01B,$0.01B,-62.50%,$-0.01B,$0.01B,-57.14%,$-0.01B,$0.01B,-62.50%,$0,$0,$0,$0,$1,$1,$-1,$0,$-1,$0,$-1,$-1,$-1,$-2,$-1,$0,0,$0.00,$0.00,$8,$0,$0,$8,$0,$0,$0,$0,$0,$8,$0,$0,$0,$0,$0,$0,$-85,$0,$7,$8,$-5,$0,$0,$0,$0,$0,$0,$0,$-0,$-3,$1,$0,$0,$0,$0,$7,$0,$8,$0,$0,$0,$0,$0,$0,$0,$0,$5,$0,$0
40,2008-09-30,1.0,$0.00,0.0,0,0.0,0,0.0,0,0.0,$0.01B,$0.00B,17.93,$0.00B,$-0.02B,0.0,$0.00B,0,nan%,$0.00B,$-0.01B,inf%,$0.00B,$-0.01B,inf%,$0.00B,$-0.00B,inf%,$0.00B,$-0.01B,inf%,$0.00B,$-0.01B,inf%,$-0.01B,$0.01B,-57.14%,$-0.01B,$0.01B,-57.14%,$-0.01B,$0.01B,-52.63%,$-0.01B,$0.01B,-68.57%,$0,$0,$0,$0,$1,$1,$-1,$-0,$-1,$0,$-1,$-1,$-1,$-1,$-1,$0,0,$0.00,$0.00,$8,$0,$0,$8,$0,$0,$0,$0,$0,$8,$0,$0,$0,$0,$0,$0,$-82,$0,$8,$8,$-4,$1,$0,$1,$0,$0,$0,$0,$0,$-3,$1,$0,$0,$0,$0,$7,$0,$8,$0,$0,$0,$0,$0,$0,$0,$0,$5,$0,$0
41,2008-06-30,2.0,$0.00,0.0,0,0.0,$-1.39,0.0,$-4.80,0.0,$0.01B,$0.00B,9.55,$0.00B,$-0.02B,0.0,$0.00B,0,nan%,$0.00B,$-0.01B,inf%,$0.00B,$-0.01B,inf%,$0.00B,$-0.00B,inf%,$0.00B,$-0.01B,inf%,$0.00B,$-0.01B,inf%,$-0.01B,$0.01B,-143.59%,$-0.01B,$0.01B,-151.35%,$-0.01B,$0.01B,-133.33%,$-0.01B,$0.01B,-71.79%,$0,$0,$0,$0,$1,$1,$-1,$0,$-1,$0,$-1,$-1,$-1,$-1,$-1,$0,0,$0.00,$0.00,$8,$0,$0,$9,$0,$0,$0,$0,$0,$9,$1,$0,$0,$0,$1,$0,$-78,$0,$8,$9,$-3,$1,$0,$1,$0,$0,$0,$0,$1,$-1,$-0,$0,$0,$0,$0,$2,$0,$2,$0,$0,$0,$0,$0,$0,$0,$0,$1,$0,$0
42,2008-03-31,1.6,$0.00,0.0,0,0.0,$-2.37,0.0,$-6.80,0.0,$0.01B,$0.00B,9.67,$0.00B,$-0.02B,0.0,$0.00B,0,nan%,$0.00B,$-0.01B,inf%,$0.00B,$-0.01B,inf%,$0.00B,$-0.00B,inf%,$0.00B,$-0.02B,inf%,$0.00B,$-0.02B,inf%,$-0.02B,$0.01B,-115.38%,$-0.02B,$0.01B,-122.45%,$-0.02B,$0.01B,-109.09%,$-0.01B,$0.01B,-61.54%,$0,$0,$0,$0,$2,$2,$-2,$0,$-2,$0,$-2,$-2,$-2,$-1,$-2,$0,0,$0.00,$0.00,$9,$0,$1,$10,$0,$0,$0,$0,$0,$10,$1,$0,$0,$0,$1,$0,$-74,$0,$9,$10,$-2,$0,$0,$0,$0,$0,$0,$0,$1,$-0,$-0,$0,$0,$0,$0,$2,$0,$2,$0,$0,$0,$0,$0,$0,$0,$0,$2,$0,$0
43,2007-12-31,1.5,$0.00,0.0,0,0.0,$-2.87,0.0,$-8.90,0.0,$0.01B,$0.00B,14.03,$0.00B,$-0.01B,-0.0,$0.00B,0,nan%,$0.00B,$-0.01B,inf%,$0.00B,$-0.01B,inf%,$0.00B,$-0.00B,inf%,$0.00B,$-0.02B,inf%,$0.00B,$-0.02B,inf%,$-0.02B,$0.01B,-90.91%,$-0.02B,$0.01B,-98.36%,$-0.02B,$0.01B,-86.96%,$-0.01B,$0.01B,-48.48%,$0,$0,$0,$0,$1,$2,$-2,$0,$-1,$0,$-1,$-1,$-1,$-1,$-2,$0,0,$0.00,$0.00,$10,$0,$1,$11,$0,$0,$0,$0,$0,$11,$1,$0,$0,$0,$1,$0,$-70,$0,$10,$11,$-15,$3,$0,$3,$0,$0,$0,$0,$-0,$-4,$-0,$0,$0,$0,$0,$-7,$0,$-7,$0,$0,$0,$0,$-0,$0,$0,$-0,$-12,$0,$0
44,2007-09-30,2.5,$0.00,0.0,$0.00,0.0,$-3.28,0.0,$-9.50,0.0,$0.01B,$0.00B,19.75,$0.00B,$-0.01B,-0.0,$0.00B,$-0.00B,inf%,$0.00B,$-0.01B,inf%,$0.00B,$-0.01B,inf%,$0.00B,$-0.01B,inf%,$0.00B,$-0.03B,inf%,$0.00B,$-0.03B,inf%,$-0.03B,$0.01B,-130.00%,$-0.03B,$0.01B,-140.54%,$-0.03B,$0.01B,-125.30%,$-0.01B,$0.01B,-45.00%,$0,$0,$0,$0,$1,$2,$-2,$-8,$-10,$0,$-10,$-10,$-10,$-1,$-2,$3,3,$-4.80,$-4.80,$11,$0,$0,$11,$0,$0,$1,$0,$1,$12,$1,$0,$0,$0,$1,$0,$-66,$0,$12,$12,$-14,$2,$0,$2,$0,$0,$0,$0,$-0,$-4,$-0,$0,$0,$0,$0,$-9,$0,$-9,$0,$0,$0,$0,$0,$0,$0,$0,$-13,$0,$0
45,2007-06-30,8.5,$0.00,0.0,$0.02,451.82,$-5.13,0.0,$-6.60,0.0,$0.01B,$0.00B,14.85,$0.00B,$0.00B,0.02,$0.00B,$-0.00B,inf%,$0.00B,$-0.01B,inf%,$0.00B,$-0.01B,inf%,$0.00B,$-0.01B,inf%,$0.00B,$-0.02B,inf%,$0.00B,$-0.02B,inf%,$-0.02B,$0.02B,-69.90%,$-0.02B,$0.02B,-73.47%,$-0.02B,$0.02B,-66.67%,$-0.01B,$0.02B,-38.83%,$0,$0,$0,$1,$1,$2,$-2,$0,$-2,$0,$-2,$-2,$-2,$-1,$-2,$3,3,$-2.00,$-2.00,$12,$0,$0,$12,$10,$0,$1,$0,$12,$22,$1,$0,$0,$0,$1,$0,$-53,$0,$21,$22,$-4,$1,$0,$1,$0,$0,$0,$0,$0,$-2,$-0,$0,$0,$0,$0,$-10,$0,$-10,$0,$0,$0,$0,$0,$0,$0,$0,$-12,$0,$0
46,2007-03-31,11.1,$0.00,0.0,$0.02,454.23,$-6.27,0.0,$-8.70,0.0,$0.01B,$0.00B,17.8,$0.00B,$0.01B,0.01,$0.00B,$-0.01B,inf%,$0.00B,$-0.01B,inf%,$0.00B,$-0.01B,inf%,$0.00B,$-0.01B,inf%,$0.00B,$-0.03B,inf%,$0.00B,$-0.03B,inf%,$-0.03B,$0.02B,-84.03%,$-0.03B,$0.02B,-88.50%,$-0.03B,$0.02B,-79.37%,$-0.01B,$0.02B,-33.61%,$0,$0,$0,$1,$1,$2,$-2,$0,$-2,$0,$-2,$-2,$-2,$-1,$-2,$3,3,$-2.10,$-2.10,$13,$0,$0,$13,$10,$0,$1,$0,$12,$24,$1,$0,$0,$0,$1,$0,$-47,$0,$23,$24,$-2,$1,$0,$1,$0,$0,$0,$0,$0,$-1,$-0,$0,$0,$0,$0,$0,$0,$-0,$0,$0,$0,$0,$0,$0,$0,$0,$-1,$0,$0
47,2006-12-31,16.5,$0.00,0.0,$0.02,675.2,$-6.98,0.0,$-8.00,0.0,$0.02B,$0.00B,15.6,$0.00B,$0.01B,0.01,$0.00B,$-0.01B,inf%,$0.00B,$-0.01B,inf%,$0.00B,$-0.01B,inf%,$0.00B,$-0.01B,inf%,$0.00B,$-0.03B,inf%,$0.00B,$-0.03B,inf%,$-0.03B,$0.02B,-93.69%,$-0.03B,$0.02B,-98.11%,$-0.03B,$0.03B,-83.87%,$-0.01B,$0.02B,-31.03%,$0,$2,$-2,$0,$1,$3,$-3,$-9,$-12,$0,$-12,$-12,$-12,$-2,$-3,$26,26,$-0.60,$-0.60,$14,$0,$0,$15,$99,$0,$1,$0,$100,$25,$1,$0,$0,$0,$1,$0,$-42,$0,$24,$25,$-25,$3,$0,$3,$0,$0,$0,$0,$0,$-5,$-5,$0,$0,$0,$0,$0,$-0,$-5,$0,$0,$-1,$0,$23,$0,$-0,$22,$11,$0,$0
