,Date,Stock Price,Book Value per Share,Price to Book Ratio,TTM Sales per Share,Price to Sales Ratio,TTM FCF per Share,Price to FCF Ratio,TTM Net EPS,PE Ratio,Current Assets,Current Liabilities,Current Ratio,Long Term Debt,Shareholder's Equity_x,Debt to Equity Ratio,TTM Revenue_x,TTM Gross Profit,Gross Margin,TTM Revenue_y,TTM Operating Income,Operating Margin,TTM Revenue_x,TTM EBIT,EBIT Margin,TTM Revenue_y,TTM EBITDA,EBITDA Margin,TTM Revenue_x,TTM Pre-Tax Income,Pre-Tax Margin,TTM Revenue_y,TTM Net Income_x,Net Margin,TTM Net Income_y,Shareholder's Equity_y,Return on Equity,TTM Net Income_x,Tangible Equity,Return on Tangible Equity,TTM Net Income_y,Total Assets,Return on Assets,TTM Net Income,LT Investments & Debt,Return on Investment,revenue,cost-goods-sold,gross-profit,research-development-expenses,selling-general-administrative-expenses,operating-expenses,operating-income,total-non-operating-income-expense,pre-tax-income,total-provision-income-taxes,income-after-taxes,income-from-continuous-operations,net-income,ebitda,ebit,basic-shares-outstanding,shares-outstanding,eps-basic-net-earnings-per-share,eps-earnings-per-share-diluted,cash-on-hand,inventory,other-current-assets,total-current-assets,net-property-plant-equipment,long-term-investments,goodwill-intangible-assets-total,other-long-term-assets,total-long-term-assets,total-assets,total-current-liabilities,long-term-debt,other-non-current-liabilities,total-long-term-liabilities,total-liabilities,common-stock-net,retained-earnings-accumulated-deficit,comprehensive-income,total-share-holder-equity,total-liabilities-share-holders-equity,net-income-loss,total-depreciation-amortization-cash-flow,other-non-cash-items,total-non-cash-items,change-in-accounts-receivable,change-in-inventories,change-in-accounts-payable,change-in-assets-liabilities,total-change-in-assets-liabilities,cash-flow-from-operating-activities,net-change-in-property-plant-equipment,net-change-in-intangible-assets,net-acquisitions-divestitures,net-change-in-short-term-investments,net-change-in-long-term-investments,net-change-in-investments-total,investing-activities-other,cash-flow-from-investing-activities,net-long-term-debt,net-current-debt,debt-issuance-retirement-net-total,net-common-equity-issued-repurchased,net-total-equity-issued-repurchased,total-common-preferred-stock-dividends-paid,financial-activities-other,cash-flow-from-financial-activities,net-cash-flow,stock-based-compensation,common-stock-dividends-paid
0,2018-09-30,71.49,$22.56,3.17,$32.24,2.22,$-4.21,0.0,$2.38,30.04,$0.60B,$0.86B,0.69,$1.98B,$1.88B,1.06,$2.68B,$1.76B,65.87%,$2.68B,$0.25B,9.41%,$2.68B,$0.25B,9.41%,$2.68B,$0.54B,20.16%,$2.68B,$0.18B,6.57%,$2.68B,$0.20B,7.36%,$0.20B,$1.88B,10.56%,$0.20B,$1.58B,12.53%,$0.20B,$6.48B,3.13%,$0.25B,$3.85B,6.82%,$665,$193,$472,$0,$14,$589,$76,$-15,$61,$11,$50,$50,$50,$150,$76,$83,83,$0.61,$0.61,$29,$119,$164,$597,$4544,$543,$294,$35,$5884,$6481,$864,$1979,$939,$3742,$4606,$740,$1137,$-1,$1875,$6481,$136,$218,$40,$257,$78,$7,$-144,$-45,$-79,$315,$-473,$0,$0,$0,$0,$0,$6,$-467,$199,$76,$275,$2,$2,$-112,$0,$165,$12,$0,$-112
1,2018-06-30,71.0,$22.40,3.17,$32.57,2.18,$-3.43,0.0,$2.52,28.18,$0.55B,$0.76B,0.72,$1.93B,$1.86B,1.04,$2.70B,$1.78B,65.79%,$2.70B,$0.28B,10.47%,$2.70B,$0.28B,10.47%,$2.70B,$0.57B,20.97%,$2.70B,$0.21B,7.73%,$2.70B,$0.21B,7.73%,$0.21B,$1.86B,11.28%,$0.21B,$1.57B,13.40%,$0.21B,$6.30B,3.37%,$0.28B,$3.79B,7.86%,$644,$201,$443,$0,$16,$589,$56,$-32,$24,$2,$22,$22,$22,$128,$56,$83,83,$0.27,$0.27,$10,$104,$158,$546,$4444,$536,$294,$35,$5750,$6296,$764,$1929,$943,$3670,$4434,$740,$1124,$-1,$1862,$6296,$86,$144,$21,$165,$86,$23,$-150,$-1,$-32,$218,$-305,$0,$0,$0,$0,$0,$5,$-300,$-1,$148,$148,$2,$2,$-75,$0,$75,$-7,$0,$-75
2,2018-03-31,63.11,$22.58,2.79,$32.42,1.95,$-2.88,0.0,$2.70,23.37,$0.55B,$0.90B,0.61,$1.68B,$1.88B,0.89,$2.69B,$1.77B,65.63%,$2.69B,$0.30B,11.19%,$2.69B,$0.30B,11.19%,$2.69B,$0.58B,21.59%,$2.69B,$0.24B,9.07%,$2.69B,$0.23B,8.36%,$0.23B,$1.88B,12.25%,$0.23B,$1.58B,14.59%,$0.23B,$6.18B,3.70%,$0.30B,$3.56B,8.61%,$658,$254,$404,$0,$20,$574,$84,$-15,$70,$6,$64,$64,$64,$156,$84,$83,83,$0.76,$0.76,$19,$110,$158,$552,$4336,$549,$294,$35,$5632,$6184,$902,$1679,$955,$3405,$4307,$739,$1139,$-1,$1877,$6184,$64,$71,$7,$79,$84,$16,$-125,$28,$-2,$140,$-140,$0,$0,$0,$0,$0,$2,$-139,$-1,$38,$38,$2,$2,$-37,$0,$2,$3,$0,$-37
3,2017-12-31,63.73,$22.28,2.86,$32.03,1.99,$-1.80,0.0,$2.61,24.42,$0.68B,$0.94B,0.72,$1.74B,$1.85B,0.94,$2.66B,$1.77B,66.63%,$2.66B,$0.32B,11.96%,$2.66B,$0.32B,11.96%,$2.66B,$0.59B,22.35%,$2.66B,$0.26B,9.86%,$2.66B,$0.22B,8.13%,$0.22B,$1.85B,11.91%,$0.22B,$1.56B,14.20%,$0.22B,$6.24B,3.62%,$0.32B,$3.59B,9.21%,$711,$266,$445,$0,$17,$675,$36,$-14,$21,$-40,$61,$61,$61,$106,$36,$83,83,$0.73,$0.73,$17,$127,$226,$679,$4277,$537,$294,$36,$5560,$6239,$938,$1739,$937,$3452,$4390,$737,$1114,$-1,$1849,$6239,$216,$276,$43,$319,$-81,$3,$66,$-41,$-37,$499,$-603,$0,$0,$0,$0,$0,$9,$-594,$124,$55,$179,$6,$6,$-142,$0,$43,$-52,$0,$-142
4,2017-09-30,64.05,$21.97,2.92,$31.91,2.01,$-0.77,0.0,$2.71,23.63,$0.61B,$0.87B,0.7,$1.64B,$1.82B,0.9,$2.65B,$1.78B,67.08%,$2.65B,$0.40B,15.19%,$2.65B,$0.40B,15.19%,$2.65B,$0.68B,25.51%,$2.65B,$0.35B,13.11%,$2.65B,$0.23B,8.50%,$0.23B,$1.82B,12.54%,$0.23B,$1.53B,14.99%,$0.23B,$6.06B,3.84%,$0.40B,$3.46B,11.83%,$691,$204,$487,$0,$14,$584,$107,$-13,$94,$32,$62,$62,$62,$177,$107,$83,83,$0.75,$0.75,$9,$131,$164,$614,$4202,$540,$294,$36,$5448,$6062,$872,$1639,$476,$3366,$4238,$735,$1090,$-1,$1823,$6062,$155,$206,$89,$295,$4,$-1,$-54,$-42,$-89,$361,$-454,$0,$0,$0,$0,$0,$2,$-451,$99,$32,$131,$5,$5,$-105,$0,$31,$-60,$0,$-105
5,2017-06-30,56.51,$21.62,2.61,$31.20,1.81,$0.31,182.48,$2.70,20.93,$0.56B,$0.80B,0.7,$1.59B,$1.80B,0.89,$2.59B,$1.73B,66.86%,$2.59B,$0.40B,15.51%,$2.59B,$0.40B,15.51%,$2.59B,$0.67B,25.87%,$2.59B,$0.35B,13.34%,$2.59B,$0.22B,8.66%,$0.22B,$1.80B,12.65%,$0.22B,$1.50B,15.16%,$0.22B,$5.87B,3.90%,$0.40B,$3.39B,11.82%,$631,$201,$430,$0,$14,$557,$74,$-15,$59,$22,$38,$38,$38,$142,$74,$83,83,$0.45,$0.45,$11,$119,$148,$560,$4103,$531,$294,$39,$5312,$5872,$804,$1590,$469,$3272,$4077,$733,$1063,$-1,$1795,$5872,$93,$136,$65,$202,$54,$11,$-70,$-32,$-43,$252,$-294,$0,$0,$0,$0,$0,$-1,$-295,$0,$52,$52,$3,$3,$-70,$0,$-15,$-58,$0,$-70
6,2017-03-31,56.28,$21.57,2.61,$30.04,1.87,$1.36,41.39,$2.64,21.32,$0.53B,$0.68B,0.78,$1.59B,$1.79B,0.89,$2.49B,$1.67B,67.14%,$2.49B,$0.39B,15.71%,$2.49B,$0.39B,15.71%,$2.49B,$0.66B,26.32%,$2.49B,$0.34B,13.54%,$2.49B,$0.22B,8.76%,$0.22B,$1.79B,12.47%,$0.22B,$1.50B,14.99%,$0.22B,$5.71B,3.87%,$0.39B,$3.38B,11.50%,$625,$216,$409,$0,$15,$523,$101,$-14,$88,$32,$55,$55,$55,$169,$101,$83,83,$0.67,$0.67,$33,$117,$157,$525,$4025,$502,$294,$42,$5188,$5713,$675,$1590,$462,$3247,$3922,$732,$1060,$-1,$1790,$5713,$55,$68,$32,$100,$83,$13,$-49,$11,$57,$213,$-124,$0,$0,$0,$0,$0,$2,$-122,$0,$-93,$-93,$2,$2,$-35,$0,$-126,$-36,$0,$-35
7,2016-12-31,49.7,$21.33,2.33,$29.57,1.68,$1.42,35.02,$2.55,19.49,$0.68B,$0.83B,0.82,$1.59B,$1.77B,0.9,$2.45B,$1.64B,66.80%,$2.45B,$0.38B,15.60%,$2.45B,$0.38B,15.60%,$2.45B,$0.64B,26.21%,$2.45B,$0.33B,13.27%,$2.45B,$0.21B,8.62%,$0.21B,$1.77B,12.23%,$0.21B,$1.48B,14.73%,$0.21B,$5.80B,3.81%,$0.38B,$3.36B,11.21%,$699,$250,$449,$0,$16,$579,$120,$-14,$106,$37,$70,$70,$70,$187,$120,$83,83,$0.84,$0.84,$69,$130,$202,$679,$3983,$495,$294,$42,$5122,$5801,$828,$1590,$454,$3204,$4033,$730,$1040,$-1,$1768,$5801,$212,$260,$118,$378,$-40,$4,$41,$-94,$-66,$524,$-542,$0,$0,$0,$0,$0,$33,$-509,$-73,$180,$107,$6,$6,$-134,$0,$-21,$-6,$0,$-134
8,2016-09-30,47.42,$20.88,2.27,$28.43,1.67,$1.98,23.98,$2.50,18.97,$0.58B,$0.58B,1.0,$1.71B,$1.73B,0.99,$2.35B,$1.59B,67.46%,$2.35B,$0.37B,15.51%,$2.35B,$0.37B,15.51%,$2.35B,$0.62B,26.47%,$2.35B,$0.31B,13.00%,$2.35B,$0.21B,8.75%,$0.21B,$1.73B,12.09%,$0.21B,$1.44B,14.60%,$0.21B,$5.59B,3.79%,$0.37B,$3.45B,10.68%,$631,$191,$441,$0,$13,$526,$106,$-13,$92,$31,$61,$61,$61,$171,$106,$83,83,$0.74,$0.74,$34,$137,$117,$580,$3893,$493,$294,$43,$5012,$5592,$582,$1714,$451,$3279,$3861,$728,$1005,$-1,$1731,$5592,$142,$193,$79,$273,$42,$-4,$-8,$-68,$-36,$378,$-382,$0,$0,$0,$0,$0,$14,$-368,$-73,$117,$44,$5,$5,$-99,$0,$-51,$-40,$0,$-99
9,2016-06-30,49.36,$20.55,2.4,$27.75,1.78,$2.47,19.98,$2.24,22.04,$0.50B,$0.46B,1.09,$1.71B,$1.70B,1.01,$2.30B,$1.54B,67.00%,$2.30B,$0.34B,14.76%,$2.30B,$0.34B,14.76%,$2.30B,$0.60B,25.99%,$2.30B,$0.28B,12.02%,$2.30B,$0.18B,8.01%,$0.18B,$1.70B,10.93%,$0.18B,$1.41B,13.24%,$0.18B,$5.41B,3.44%,$0.34B,$3.42B,10.12%,$534,$162,$372,$0,$14,$470,$64,$-13,$51,$18,$32,$32,$32,$128,$64,$83,83,$0.39,$0.39,$16,$128,$114,$497,$3806,$500,$294,$41,$4915,$5411,$456,$1714,$448,$3254,$3710,$726,$977,$-1,$1701,$5411,$81,$128,$59,$187,$93,$6,$-24,$-37,$26,$293,$-248,$0,$0,$0,$0,$0,$2,$-247,$-73,$31,$-42,$3,$3,$-66,$0,$-106,$-59,$0,$-66
10,2016-03-31,47.0,$20.54,2.29,$27.97,1.68,$2.63,17.84,$2.28,20.62,$0.52B,$0.41B,1.28,$1.71B,$1.70B,1.01,$2.31B,$1.54B,66.59%,$2.31B,$0.35B,15.04%,$2.31B,$0.35B,15.04%,$2.31B,$0.61B,26.19%,$2.31B,$0.28B,12.19%,$2.31B,$0.19B,8.12%,$0.19B,$1.70B,11.27%,$0.19B,$1.41B,13.68%,$0.19B,$5.32B,3.57%,$0.35B,$3.41B,10.62%,$585,$211,$374,$0,$18,$493,$92,$-17,$76,$27,$48,$48,$48,$156,$92,$83,83,$0.58,$0.58,$63,$123,$113,$522,$3718,$492,$294,$41,$4802,$5323,$409,$1713,$441,$3214,$3623,$724,$977,$-1,$1700,$5323,$48,$64,$31,$95,$87,$11,$-38,$-0,$59,$202,$-109,$0,$0,$0,$0,$0,$0,$-108,$-60,$-15,$-75,$2,$2,$-33,$0,$-106,$-12,$0,$-33
11,2015-12-31,39.08,$20.34,1.92,$29.46,1.33,$2.89,13.51,$2.39,16.35,$0.66B,$0.53B,1.25,$1.71B,$1.68B,1.02,$2.44B,$1.59B,65.17%,$2.44B,$0.36B,14.87%,$2.44B,$0.36B,14.87%,$2.44B,$0.62B,25.42%,$2.44B,$0.30B,12.20%,$2.44B,$0.20B,8.09%,$0.20B,$1.68B,11.92%,$0.20B,$1.39B,14.50%,$0.20B,$5.40B,3.79%,$0.36B,$3.40B,11.42%,$604,$203,$401,$0,$15,$501,$103,$-16,$87,$22,$65,$65,$65,$168,$103,$83,83,$0.79,$0.79,$75,$134,$143,$659,$3675,$483,$294,$40,$4741,$5400,$528,$1713,$434,$3188,$3716,$723,$962,$-1,$1684,$5400,$197,$256,$103,$359,$-15,$-15,$-1,$-19,$-51,$505,$-477,$0,$0,$0,$0,$0,$7,$-470,$216,$-142,$74,$6,$6,$-127,$0,$-47,$-12,$0,$-127
12,2015-09-30,38.33,$19.95,1.92,$30.36,1.26,$3.03,12.64,$2.28,16.81,$0.54B,$0.62B,0.87,$1.52B,$1.65B,0.92,$2.51B,$1.60B,63.96%,$2.51B,$0.36B,14.19%,$2.51B,$0.36B,14.19%,$2.51B,$0.61B,24.32%,$2.51B,$0.29B,11.56%,$2.51B,$0.19B,7.54%,$0.19B,$1.65B,11.58%,$0.19B,$1.36B,14.10%,$0.19B,$5.25B,3.68%,$0.36B,$3.17B,11.58%,$574,$182,$392,$0,$12,$494,$80,$-18,$62,$23,$39,$39,$39,$145,$80,$83,83,$0.48,$0.48,$5,$130,$120,$539,$3616,$502,$294,$43,$4711,$5250,$619,$1523,$431,$2981,$3601,$721,$930,$-1,$1650,$5250,$132,$192,$62,$254,$18,$-12,$-37,$33,$1,$387,$-349,$0,$-14,$0,$0,$0,$-2,$-366,$33,$-45,$-13,$5,$5,$-94,$0,$-103,$-82,$0,$-94
13,2015-06-30,34.8,$19.83,1.75,$30.64,1.14,$2.85,12.2,$2.37,14.68,$0.51B,$0.56B,0.9,$1.49B,$1.64B,0.91,$2.53B,$1.62B,63.87%,$2.53B,$0.36B,14.27%,$2.53B,$0.36B,14.27%,$2.53B,$0.61B,24.15%,$2.53B,$0.30B,11.78%,$2.53B,$0.20B,7.79%,$0.20B,$1.64B,12.19%,$0.20B,$1.35B,14.87%,$0.20B,$5.12B,3.91%,$0.36B,$3.13B,11.77%,$551,$177,$374,$0,$13,$478,$73,$-16,$57,$21,$36,$36,$36,$137,$73,$83,83,$0.43,$0.43,$11,$113,$124,$507,$3535,$494,$294,$43,$4609,$5115,$562,$1485,$424,$2914,$3475,$719,$922,$-1,$1640,$5115,$93,$127,$39,$166,$26,$6,$-72,$59,$8,$267,$-208,$0,$-13,$0,$0,$0,$4,$-217,$-5,$-60,$-65,$3,$3,$-63,$0,$-125,$-75,$0,$-63
14,2015-03-31,39.55,$19.78,2.0,$30.55,1.29,$3.10,12.77,$2.08,19.01,$0.54B,$0.66B,0.82,$1.35B,$1.63B,0.83,$2.52B,$1.61B,63.96%,$2.52B,$0.32B,12.77%,$2.52B,$0.32B,12.77%,$2.52B,$0.58B,23.16%,$2.52B,$0.26B,10.19%,$2.52B,$0.17B,6.86%,$0.17B,$1.63B,10.84%,$0.17B,$1.34B,13.25%,$0.17B,$5.04B,3.45%,$0.32B,$2.98B,10.32%,$706,$286,$420,$0,$20,$600,$106,$-15,$91,$34,$57,$57,$57,$169,$106,$83,83,$0.69,$0.69,$17,$93,$144,$544,$3461,$476,$290,$40,$4491,$5035,$661,$1347,$417,$2741,$3402,$718,$918,$-1,$1634,$5035,$57,$63,$21,$84,$-30,$26,$-28,$86,$59,$200,$-85,$0,$0,$0,$0,$0,$1,$-85,$-5,$-150,$-155,$2,$2,$-32,$0,$-185,$-69,$0,$-32
15,2014-12-31,41.08,$19.45,2.11,$31.66,1.3,$2.97,13.83,$2.01,20.44,$0.67B,$0.76B,0.88,$1.41B,$1.61B,0.88,$2.61B,$1.59B,61.00%,$2.61B,$0.32B,12.06%,$2.61B,$0.32B,12.06%,$2.61B,$0.59B,22.50%,$2.61B,$0.25B,9.45%,$2.61B,$0.17B,6.39%,$0.17B,$1.61B,10.56%,$0.17B,$1.32B,12.86%,$0.17B,$5.15B,3.32%,$0.32B,$3.01B,9.80%,$677,$258,$418,$0,$17,$580,$97,$-17,$80,$24,$57,$57,$57,$160,$97,$83,83,$0.69,$0.69,$86,$119,$175,$670,$3439,$472,$290,$41,$4476,$5146,$763,$1407,$410,$2777,$3539,$716,$892,$-1,$1607,$5146,$167,$273,$84,$358,$12,$-23,$20,$-58,$-36,$488,$-448,$0,$-38,$0,$0,$0,$321,$-166,$-231,$88,$-143,$6,$6,$-120,$0,$-258,$65,$0,$-120
16,2014-09-30,35.15,$19.16,1.83,$31.71,1.11,$4.84,7.27,$1.93,18.21,$0.49B,$0.43B,1.15,$1.57B,$1.58B,0.99,$2.62B,$1.59B,60.78%,$2.62B,$0.30B,11.62%,$2.62B,$0.30B,11.62%,$2.62B,$0.59B,22.44%,$2.62B,$0.24B,9.10%,$2.62B,$0.16B,6.12%,$0.16B,$1.58B,10.20%,$0.16B,$1.29B,12.38%,$0.16B,$4.84B,3.19%,$0.30B,$3.15B,9.23%,$596,$192,$404,$0,$13,$511,$85,$-14,$70,$23,$47,$47,$47,$146,$85,$83,83,$0.57,$0.57,$8,$115,$108,$493,$3349,$468,$290,$44,$4345,$4837,$427,$1572,$405,$2829,$3256,$715,$867,$-1,$1581,$4837,$110,$211,$46,$257,$102,$-19,$-63,$-43,$-24,$344,$-322,$0,$-38,$0,$0,$0,$323,$-36,$-231,$-6,$-237,$5,$5,$-89,$0,$-321,$-13,$0,$-89
17,2014-06-30,37.1,$18.93,1.96,$31.52,1.18,$5.96,6.22,$1.88,19.74,$0.78B,$0.47B,1.66,$1.77B,$1.56B,1.14,$2.60B,$1.58B,60.77%,$2.60B,$0.30B,11.62%,$2.60B,$0.30B,11.62%,$2.60B,$0.60B,22.88%,$2.60B,$0.23B,8.92%,$2.60B,$0.16B,6.00%,$0.16B,$1.56B,10.02%,$0.16B,$1.27B,12.12%,$0.16B,$5.05B,3.07%,$0.30B,$3.33B,9.17%,$543,$171,$371,$0,$14,$509,$34,$-18,$16,$5,$12,$12,$12,$110,$34,$83,83,$0.14,$0.14,$8,$80,$449,$778,$3286,$464,$289,$46,$4270,$5048,$468,$1772,$400,$3018,$3486,$713,$849,$-1,$1562,$5048,$63,$150,$44,$193,$133,$1,$-80,$-30,$18,$274,$-195,$0,$-19,$2,$0,$2,$0,$-211,$-30,$11,$-20,$3,$3,$-59,$0,$-76,$-13,$0,$-59
18,2014-03-31,34.07,$19.12,1.78,$31.40,1.09,$6.02,5.66,$1.67,20.4,$0.61B,$0.47B,1.31,$1.77B,$1.58B,1.12,$2.59B,$1.56B,60.20%,$2.59B,$0.33B,12.60%,$2.59B,$0.33B,12.60%,$2.59B,$0.61B,23.65%,$2.59B,$0.21B,7.92%,$2.59B,$0.14B,5.33%,$0.14B,$1.58B,8.93%,$0.14B,$1.32B,10.76%,$0.14B,$5.08B,2.73%,$0.33B,$3.35B,10.16%,$797,$396,$401,$0,$21,$698,$99,$-18,$81,$30,$51,$51,$51,$173,$99,$82,83,$0.62,$0.62,$55,$105,$151,$613,$3240,$752,$262,$38,$4463,$5076,$468,$1772,$393,$3031,$3498,$711,$867,$-1,$1578,$5076,$51,$74,$12,$86,$-5,$29,$-20,$22,$45,$182,$-78,$0,$0,$1,$0,$1,$0,$-77,$-30,$-14,$-44,$2,$2,$-30,$0,$-72,$33,$0,$-30
19,2013-12-31,30.41,$18.86,1.61,$30.25,1.01,$6.04,5.04,$1.66,18.32,$0.63B,$0.51B,1.24,$1.78B,$1.55B,1.14,$2.49B,$1.56B,62.76%,$2.49B,$0.33B,13.40%,$2.49B,$0.33B,13.40%,$2.49B,$0.61B,24.56%,$2.49B,$0.20B,8.19%,$2.49B,$0.14B,5.50%,$0.14B,$1.55B,8.91%,$0.14B,$1.29B,10.74%,$0.14B,$5.10B,2.71%,$0.33B,$3.33B,10.74%,$680,$266,$414,$0,$17,$594,$86,$-15,$71,$21,$50,$50,$50,$158,$86,$82,82,$0.60,$0.60,$22,$134,$140,$630,$3224,$753,$262,$39,$4472,$5103,$511,$1777,$387,$3038,$3548,$709,$846,$-1,$1554,$5103,$137,$278,$126,$403,$2,$24,$7,$16,$47,$587,$-393,$0,$0,$0,$0,$0,$-12,$-405,$143,$-210,$-67,$7,$7,$-117,$-2,$-180,$2,$0,$-117
20,2013-09-30,28.28,$18.59,1.52,$29.84,0.95,$3.95,7.16,$1.58,17.9,$0.61B,$0.61B,1.0,$1.63B,$1.53B,1.06,$2.46B,$1.55B,62.91%,$2.46B,$0.34B,13.80%,$2.46B,$0.34B,13.80%,$2.46B,$0.61B,24.88%,$2.46B,$0.20B,7.94%,$2.46B,$0.13B,5.29%,$0.13B,$1.53B,8.49%,$0.13B,$1.27B,10.24%,$0.13B,$5.08B,2.57%,$0.34B,$3.16B,11.13%,$580,$186,$394,$0,$13,$496,$83,$-19,$64,$21,$43,$43,$43,$154,$83,$82,82,$0.52,$0.52,$9,$138,$94,$608,$3191,$722,$262,$36,$4473,$5080,$607,$1627,$382,$2942,$3549,$708,$826,$-2,$1532,$5080,$87,$206,$107,$313,$56,$20,$-58,$-14,$-11,$389,$-274,$0,$0,$5,$0,$5,$-10,$-279,$-6,$-30,$-36,$5,$5,$-88,$-2,$-120,$-10,$0,$-88
21,2013-06-30,28.39,$18.45,1.54,$29.06,0.98,$2.78,10.19,$1.54,18.44,$0.56B,$0.72B,0.78,$1.48B,$1.52B,0.97,$2.39B,$1.50B,62.89%,$2.39B,$0.34B,14.14%,$2.39B,$0.34B,14.14%,$2.39B,$0.60B,25.15%,$2.39B,$0.19B,7.87%,$2.39B,$0.13B,5.27%,$0.13B,$1.52B,8.26%,$0.13B,$1.26B,9.98%,$0.13B,$4.99B,2.51%,$0.34B,$3.00B,11.28%,$531,$182,$349,$0,$13,$473,$58,$-69,$-11,$-5,$-6,$-6,$-6,$127,$58,$82,82,$-0.07,$-0.07,$6,$134,$103,$559,$3161,$713,$262,$37,$4426,$4985,$722,$1478,$376,$2745,$3467,$705,$815,$-2,$1518,$4985,$44,$135,$96,$231,$82,$25,$-99,$-14,$-20,$255,$-171,$0,$0,$3,$0,$3,$-10,$-179,$-54,$19,$-35,$4,$4,$-58,$0,$-90,$-14,$0,$-58
22,2013-03-31,29.43,$18.82,1.56,$28.34,1.04,$2.34,12.58,$1.92,15.33,$0.62B,$0.85B,0.73,$1.40B,$1.55B,0.91,$2.33B,$1.49B,63.86%,$2.33B,$0.35B,15.02%,$2.33B,$0.35B,15.02%,$2.33B,$0.61B,26.09%,$2.33B,$0.24B,10.30%,$2.33B,$0.16B,6.78%,$0.16B,$1.55B,10.41%,$0.16B,$1.29B,12.57%,$0.16B,$5.04B,3.18%,$0.35B,$2.95B,11.63%,$701,$294,$407,$0,$18,$594,$107,$-27,$80,$30,$50,$50,$50,$173,$107,$82,82,$0.61,$0.61,$12,$124,$140,$618,$3139,$740,$262,$38,$4423,$5041,$846,$1402,$370,$2646,$3492,$703,$850,$-4,$1549,$5041,$50,$66,$29,$95,$-31,$35,$-16,$49,$41,$186,$-80,$0,$0,$0,$0,$0,$-0,$-80,$-0,$-85,$-86,$2,$2,$-29,$0,$-113,$-7,$0,$-29
23,2012-12-31,24.16,$18.57,1.3,$27.21,0.89,$2.06,11.74,$1.93,12.52,$0.68B,$0.79B,0.85,$1.55B,$1.53B,1.02,$2.23B,$1.44B,64.64%,$2.23B,$0.35B,15.80%,$2.23B,$0.35B,15.80%,$2.23B,$0.61B,27.26%,$2.23B,$0.24B,10.83%,$2.23B,$0.16B,7.12%,$0.16B,$1.53B,10.57%,$0.16B,$1.26B,12.80%,$0.16B,$5.09B,3.24%,$0.35B,$3.08B,11.63%,$644,$249,$395,$0,$15,$553,$91,$-29,$62,$19,$43,$43,$43,$157,$91,$82,82,$0.52,$0.53,$20,$159,$210,$678,$3120,$736,$262,$41,$4411,$5089,$794,$1553,$364,$2769,$3563,$701,$830,$-4,$1526,$5089,$159,$255,$134,$389,$-67,$3,$-15,$-85,$-161,$387,$-366,$0,$0,$10,$0,$10,$-1,$-357,$137,$-48,$89,$7,$7,$-115,$0,$-20,$11,$0,$-115
24,2012-09-30,23.21,$18.35,1.26,$27.03,0.86,$2.96,7.83,$1.97,11.78,$0.57B,$0.78B,0.73,$1.45B,$1.51B,0.97,$2.22B,$1.40B,63.28%,$2.22B,$0.37B,16.82%,$2.22B,$0.37B,16.82%,$2.22B,$0.63B,28.19%,$2.22B,$0.26B,11.64%,$2.22B,$0.16B,7.35%,$0.16B,$1.51B,10.95%,$0.16B,$1.24B,13.29%,$0.16B,$4.94B,3.35%,$0.37B,$2.96B,12.35%,$514,$162,$352,$0,$12,$432,$82,$-24,$57,$18,$39,$39,$39,$144,$82,$82,82,$0.48,$0.48,$7,$171,$78,$569,$3111,$723,$262,$41,$4367,$4936,$783,$1454,$359,$2647,$3430,$699,$816,$-9,$1506,$4936,$116,$189,$89,$278,$41,$-9,$-51,$-59,$-100,$294,$-275,$0,$0,$9,$0,$9,$-0,$-266,$62,$-11,$51,$6,$6,$-86,$0,$-29,$-2,$0,$-86
25,2012-06-30,23.67,$18.19,1.3,$27.36,0.87,$3.51,6.74,$1.92,12.33,$0.50B,$0.62B,0.81,$1.55B,$1.49B,1.04,$2.24B,$1.40B,62.44%,$2.24B,$0.39B,17.17%,$2.24B,$0.39B,17.17%,$2.24B,$0.64B,28.41%,$2.24B,$0.26B,11.46%,$2.24B,$0.16B,7.09%,$0.16B,$1.49B,10.78%,$0.16B,$1.23B,13.11%,$0.16B,$4.83B,3.29%,$0.39B,$3.05B,12.67%,$471,$136,$334,$0,$12,$400,$70,$-29,$41,$15,$26,$26,$26,$134,$70,$82,82,$0.31,$0.31,$6,$157,$77,$498,$3090,$720,$262,$39,$4335,$4834,$619,$1554,$355,$2721,$3341,$697,$806,$-9,$1493,$4834,$77,$127,$62,$189,$75,$-18,$-70,$2,$-30,$235,$-189,$0,$0,$8,$0,$8,$-0,$-181,$63,$-66,$-3,$4,$4,$-57,$0,$-57,$-3,$0,$-57
26,2012-03-31,23.02,$18.19,1.27,$27.45,0.84,$4.37,5.26,$1.79,12.86,$0.50B,$0.58B,0.85,$1.56B,$1.49B,1.05,$2.25B,$1.36B,60.70%,$2.25B,$0.38B,16.78%,$2.25B,$0.38B,16.78%,$2.25B,$0.63B,27.86%,$2.25B,$0.24B,10.73%,$2.25B,$0.15B,6.59%,$0.15B,$1.49B,10.11%,$0.15B,$1.23B,12.32%,$0.15B,$4.80B,3.08%,$0.38B,$3.05B,12.46%,$605,$241,$363,$0,$17,$495,$110,$-28,$82,$30,$51,$51,$51,$174,$110,$82,82,$0.63,$0.62,$14,$148,$77,$495,$3058,$710,$262,$40,$4303,$4798,$583,$1559,$351,$2723,$3307,$694,$809,$-12,$1491,$4798,$51,$64,$28,$92,$58,$5,$-66,$27,$26,$169,$-87,$0,$0,$6,$0,$6,$0,$-82,$98,$-152,$-54,$2,$2,$-29,$0,$-82,$6,$0,$-29
27,2011-12-31,23.66,$17.89,1.32,$28.43,0.83,$4.98,4.75,$1.72,13.76,$0.61B,$0.69B,0.88,$1.56B,$1.47B,1.06,$2.33B,$1.32B,56.95%,$2.33B,$0.37B,15.91%,$2.33B,$0.37B,15.91%,$2.33B,$0.61B,26.41%,$2.33B,$0.23B,9.76%,$2.33B,$0.14B,6.11%,$0.14B,$1.47B,9.76%,$0.14B,$1.20B,11.91%,$0.14B,$4.88B,2.96%,$0.37B,$3.03B,12.23%,$627,$273,$354,$0,$14,$516,$111,$-33,$78,$32,$47,$47,$47,$173,$111,$82,82,$0.56,$0.57,$9,$162,$134,$610,$3033,$708,$262,$40,$4269,$4879,$694,$1560,$345,$2720,$3413,$693,$786,$-13,$1466,$4879,$142,$244,$124,$369,$-18,$-26,$-21,$-35,$-93,$417,$-321,$0,$-83,$2,$0,$2,$83,$-320,$-200,$209,$9,$8,$8,$-113,$-2,$-99,$-2,$0,$-113
28,2011-09-30,20.94,$17.75,1.18,$27.70,0.76,$5.13,4.08,$1.72,12.18,$0.62B,$0.70B,0.89,$1.58B,$1.45B,1.09,$2.26B,$1.27B,56.32%,$2.26B,$0.35B,15.43%,$2.26B,$0.35B,15.43%,$2.26B,$0.59B,26.04%,$2.26B,$0.22B,9.73%,$2.26B,$0.14B,6.19%,$0.14B,$1.45B,9.67%,$0.14B,$1.19B,11.75%,$0.14B,$4.84B,2.94%,$0.35B,$3.03B,11.68%,$539,$191,$349,$0,$12,$445,$94,$-38,$56,$21,$35,$35,$35,$156,$94,$82,82,$0.43,$0.43,$6,$207,$78,$623,$3015,$711,$262,$46,$4216,$4838,$699,$1581,$341,$2687,$3386,$689,$770,$-7,$1452,$4838,$95,$182,$117,$299,$69,$-20,$-84,$-63,$-102,$292,$-228,$0,$-83,$2,$0,$2,$-1,$-311,$-2,$98,$96,$5,$5,$-85,$-1,$15,$-4,$0,$-85
29,2011-06-30,21.25,$17.68,1.2,$26.30,0.81,$5.85,3.63,$1.49,14.26,$0.51B,$0.64B,0.8,$1.55B,$1.45B,1.07,$2.15B,$1.19B,55.45%,$2.15B,$0.31B,14.63%,$2.15B,$0.31B,14.63%,$2.15B,$0.55B,25.58%,$2.15B,$0.19B,8.85%,$2.15B,$0.12B,5.64%,$0.12B,$1.45B,8.41%,$0.12B,$1.18B,10.20%,$0.12B,$4.72B,2.57%,$0.31B,$3.00B,10.54%,$476,$178,$298,$0,$12,$414,$62,$-36,$25,$10,$15,$15,$15,$123,$62,$82,82,$0.19,$0.18,$15,$167,$72,$513,$2993,$728,$262,$51,$4207,$4720,$644,$1551,$338,$2630,$3274,$688,$763,$-4,$1446,$4720,$60,$120,$75,$195,$111,$21,$-103,$-19,$15,$270,$-152,$0,$-83,$1,$0,$1,$-1,$-236,$-1,$26,$25,$4,$4,$-56,$-1,$-29,$4,$0,$-56
30,2011-03-31,20.49,$17.82,1.15,$25.44,0.81,$5.91,3.47,$1.42,14.43,$0.55B,$0.63B,0.89,$1.59B,$1.46B,1.09,$2.07B,$1.15B,55.31%,$2.07B,$0.30B,14.67%,$2.07B,$0.30B,14.67%,$2.07B,$0.54B,25.82%,$2.07B,$0.18B,8.59%,$2.07B,$0.12B,5.55%,$0.12B,$1.46B,8.03%,$0.12B,$1.19B,9.71%,$0.12B,$4.74B,2.47%,$0.30B,$3.04B,10.23%,$683,$360,$323,$0,$19,$579,$103,$-35,$68,$24,$45,$45,$45,$162,$103,$82,82,$0.55,$0.55,$35,$132,$109,$554,$2960,$730,$262,$52,$4188,$4742,$626,$1587,$339,$2660,$3286,$686,$776,$-5,$1456,$4742,$45,$59,$41,$100,$32,$55,$-87,$21,$44,$188,$-58,$0,$-83,$0,$0,$0,$0,$-140,$-0,$4,$4,$2,$2,$-28,$-1,$-24,$24,$0,$-28
31,2010-12-31,18.87,$17.61,1.07,$26.20,0.72,$5.93,3.18,$1.65,11.43,$0.65B,$0.82B,0.79,$1.44B,$1.44B,1.0,$2.13B,$1.15B,53.88%,$2.13B,$0.32B,14.89%,$2.13B,$0.32B,14.89%,$2.13B,$0.55B,25.60%,$2.13B,$0.21B,9.77%,$2.13B,$0.13B,6.25%,$0.13B,$1.44B,9.33%,$0.13B,$1.20B,11.24%,$0.13B,$4.76B,2.87%,$0.32B,$2.87B,10.72%,$564,$260,$304,$0,$15,$474,$90,$-19,$71,$26,$45,$45,$45,$148,$90,$81,81,$0.56,$0.55,$10,$187,$170,$645,$2955,$699,$242,$34,$4119,$4764,$821,$1435,$334,$2505,$3325,$683,$760,$-4,$1439,$4764,$134,$229,$121,$350,$-48,$-19,$6,$-47,$-99,$385,$-277,$0,$0,$11,$0,$11,$-3,$-269,$75,$-95,$-20,$14,$14,$-111,$-0,$-117,$-2,$0,$-111
32,2010-09-30,18.98,$17.33,1.1,$26.29,0.72,$4.83,3.93,$1.76,10.79,$0.51B,$0.55B,0.93,$1.59B,$1.41B,1.13,$2.13B,$1.13B,53.09%,$2.13B,$0.31B,14.62%,$2.13B,$0.31B,14.62%,$2.13B,$0.54B,25.12%,$2.13B,$0.21B,10.03%,$2.13B,$0.14B,6.70%,$0.14B,$1.41B,10.11%,$0.14B,$1.17B,12.20%,$0.14B,$4.58B,3.10%,$0.31B,$3.00B,10.50%,$423,$158,$265,$0,$12,$364,$59,$-33,$26,$10,$16,$16,$16,$116,$59,$81,81,$0.20,$0.20,$7,$188,$67,$506,$2929,$684,$242,$34,$4074,$4580,$545,$1590,$332,$2624,$3169,$675,$743,$-7,$1411,$4580,$88,$171,$87,$258,$107,$-21,$-83,$-43,$-24,$322,$-201,$0,$0,$11,$0,$11,$-3,$-193,$-2,$-56,$-58,$7,$7,$-83,$0,$-134,$-5,$0,$-83
33,2010-06-30,17.13,$17.48,0.98,$25.40,0.67,$3.92,4.36,$1.71,10.02,$0.45B,$0.56B,0.8,$1.55B,$1.42B,1.09,$2.06B,$1.10B,53.52%,$2.06B,$0.29B,14.26%,$2.06B,$0.29B,14.26%,$2.06B,$0.51B,24.94%,$2.06B,$0.21B,10.00%,$2.06B,$0.14B,6.74%,$0.14B,$1.42B,9.91%,$0.14B,$1.18B,11.98%,$0.14B,$4.55B,3.03%,$0.29B,$2.97B,9.90%,$402,$149,$254,$0,$12,$350,$52,$-39,$13,$4,$9,$9,$9,$109,$52,$81,81,$0.11,$0.11,$17,$160,$61,$454,$2917,$729,$242,$30,$4093,$4547,$564,$1549,$328,$2563,$3127,$671,$754,$-6,$1419,$4547,$72,$113,$53,$166,$100,$8,$-99,$-1,$21,$259,$-137,$0,$0,$7,$0,$7,$-2,$-132,$-2,$-68,$-70,$3,$3,$-55,$0,$-122,$5,$0,$-55
34,2010-03-31,17.65,$17.61,1.0,$25.10,0.7,$4.34,4.07,$1.52,11.61,$0.54B,$0.64B,0.84,$1.55B,$1.43B,1.08,$2.04B,$1.07B,52.73%,$2.04B,$0.27B,13.46%,$2.04B,$0.27B,13.46%,$2.04B,$0.49B,24.08%,$2.04B,$0.18B,8.89%,$2.04B,$0.12B,6.04%,$0.12B,$1.43B,8.84%,$0.12B,$1.19B,10.70%,$0.12B,$4.63B,2.71%,$0.27B,$2.98B,9.21%,$740,$416,$324,$0,$23,$624,$116,$-18,$98,$35,$63,$63,$63,$172,$116,$81,81,$0.78,$0.78,$69,$131,$87,$540,$2899,$744,$242,$30,$4089,$4628,$643,$1550,$331,$2556,$3198,$668,$773,$-11,$1430,$4628,$63,$56,$19,$75,$13,$37,$-79,$53,$64,$203,$-71,$0,$0,$3,$0,$3,$-1,$-70,$-1,$-49,$-50,$2,$2,$-28,$0,$-76,$57,$0,$-28
35,2009-12-31,17.36,$17.23,1.01,$25.84,0.67,$4.79,3.62,$1.64,10.58,$0.58B,$0.75B,0.78,$1.54B,$1.40B,1.1,$2.09B,$1.07B,51.10%,$2.09B,$0.28B,13.40%,$2.09B,$0.28B,13.40%,$2.09B,$0.49B,23.49%,$2.09B,$0.20B,9.43%,$2.09B,$0.13B,6.36%,$0.13B,$1.40B,9.63%,$0.13B,$1.16B,11.67%,$0.13B,$4.67B,2.97%,$0.28B,$2.94B,9.54%,$569,$278,$290,$0,$15,$483,$85,$-8,$77,$23,$55,$55,$55,$139,$85,$81,81,$0.68,$0.67,$12,$168,$145,$582,$2879,$748,$242,$33,$4090,$4672,$748,$1541,$322,$2527,$3275,$667,$737,$-7,$1397,$4672,$133,$212,$120,$332,$97,$-36,$-86,$5,$-16,$450,$-432,$0,$0,$6,$0,$6,$-5,$-431,$309,$-306,$3,$6,$6,$-109,$0,$-100,$-81,$0,$-109
36,2009-09-30,15.96,$16.82,0.95,$27.80,0.57,$4.98,3.2,$1.43,11.16,$0.46B,$0.52B,0.89,$1.63B,$1.36B,1.2,$2.23B,$1.07B,47.80%,$2.23B,$0.27B,12.25%,$2.23B,$0.27B,12.25%,$2.23B,$0.48B,21.54%,$2.23B,$0.18B,8.12%,$2.23B,$0.12B,5.16%,$0.12B,$1.36B,8.40%,$0.12B,$1.12B,10.19%,$0.12B,$4.50B,2.58%,$0.27B,$2.99B,9.58%,$350,$114,$235,$0,$11,$309,$41,$-22,$18,$6,$12,$12,$12,$94,$41,$81,81,$0.15,$0.15,$15,$164,$47,$462,$2842,$704,$241,$34,$4039,$4501,$521,$1629,$322,$2616,$3137,$664,$710,$-10,$1364,$4501,$79,$158,$89,$247,$234,$-32,$-170,$30,$44,$370,$-322,$0,$0,$1,$0,$1,$-1,$-322,$309,$-358,$-49,$5,$5,$-81,$0,$-126,$-78,$0,$-81
37,2009-06-30,16.0,$16.95,0.94,$28.58,0.56,$5.44,2.94,$1.57,10.19,$0.40B,$0.45B,0.9,$1.61B,$1.38B,1.17,$2.29B,$1.06B,46.40%,$2.29B,$0.28B,12.01%,$2.29B,$0.28B,12.01%,$2.29B,$0.48B,20.84%,$2.29B,$0.20B,8.74%,$2.29B,$0.13B,5.50%,$0.13B,$1.38B,9.21%,$0.13B,$1.13B,11.17%,$0.13B,$4.37B,2.85%,$0.28B,$2.98B,9.99%,$376,$152,$224,$0,$13,$343,$32,$-45,$-12,$-6,$-7,$-7,$-7,$85,$32,$81,81,$-0.08,$-0.08,$55,$108,$52,$400,$2807,$674,$241,$34,$3966,$4365,$445,$1608,$320,$2546,$2990,$663,$725,$-13,$1375,$4365,$66,$104,$46,$150,$232,$24,$-185,$83,$152,$368,$-214,$0,$0,$1,$0,$1,$-1,$-213,$289,$-431,$-142,$3,$3,$-54,$0,$-193,$-38,$0,$-54
38,2009-03-31,14.19,$17.11,0.83,$29.98,0.47,$5.70,2.49,$1.71,8.3,$0.45B,$0.61B,0.74,$1.44B,$1.39B,1.04,$2.38B,$1.06B,44.51%,$2.38B,$0.28B,11.61%,$2.38B,$0.28B,11.61%,$2.38B,$0.47B,19.86%,$2.38B,$0.22B,9.17%,$2.38B,$0.14B,5.81%,$0.14B,$1.39B,10.11%,$0.14B,$1.15B,12.27%,$0.14B,$4.35B,3.16%,$0.28B,$2.83B,10.30%,$795,$476,$319,$0,$24,$673,$122,$-8,$114,$41,$73,$73,$73,$173,$122,$81,81,$0.90,$0.90,$19,$93,$83,$451,$2769,$648,$240,$35,$3895,$4346,$607,$1439,$318,$2353,$2960,$661,$759,$-33,$1386,$4346,$73,$51,$7,$58,$121,$39,$-167,$118,$154,$285,$-117,$0,$0,$1,$0,$1,$-1,$-117,$191,$-406,$-215,$2,$2,$-27,$0,$-241,$-74,$0,$-27
39,2008-12-31,16.59,$16.69,0.99,$31.98,0.52,$6.51,2.55,$1.65,10.06,$0.78B,$1.12B,0.69,$1.25B,$1.35B,0.92,$2.48B,$1.04B,41.79%,$2.48B,$0.26B,10.59%,$2.48B,$0.26B,10.59%,$2.48B,$0.46B,18.32%,$2.48B,$0.21B,8.25%,$2.48B,$0.13B,5.19%,$0.13B,$1.35B,9.67%,$0.13B,$1.11B,11.78%,$0.13B,$4.63B,2.99%,$0.26B,$2.60B,11.48%,$707,$421,$287,$0,$21,$629,$78,$-17,$61,$24,$37,$37,$37,$128,$78,$78,79,$0.46,$0.44,$93,$131,$200,$776,$2720,$641,$240,$39,$3857,$4633,$1120,$1248,$315,$2161,$3281,$659,$713,$-20,$1352,$4633,$129,$192,$92,$285,$-83,$26,$66,$-16,$10,$423,$-391,$0,$0,$6,$0,$6,$-17,$-402,$67,$-38,$29,$126,$126,$-103,$-0,$52,$73,$0,$-103
40,2008-09-30,18.22,$16.79,1.09,$31.41,0.58,$5.62,3.24,$1.71,10.66,$0.62B,$0.91B,0.68,$1.25B,$1.36B,0.92,$2.42B,$1.02B,42.03%,$2.42B,$0.27B,10.94%,$2.42B,$0.27B,10.94%,$2.42B,$0.45B,18.66%,$2.42B,$0.22B,8.88%,$2.42B,$0.13B,5.45%,$0.13B,$1.36B,10.11%,$0.13B,$1.12B,12.38%,$0.13B,$4.33B,3.12%,$0.27B,$2.61B,11.72%,$411,$180,$232,$0,$13,$368,$43,$-6,$37,$14,$23,$23,$23,$91,$43,$81,81,$0.29,$0.29,$14,$235,$78,$616,$2636,$639,$239,$38,$3717,$4333,$907,$1248,$313,$2066,$2974,$658,$703,$-1,$1360,$4333,$92,$143,$66,$209,$149,$-77,$-31,$-72,$43,$344,$-259,$0,$0,$6,$0,$6,$-11,$-264,$171,$-203,$-32,$21,$21,$-76,$-0,$-87,$-7,$0,$-76
41,2008-06-30,20.17,$16.80,1.2,$31.32,0.64,$4.48,4.5,$1.64,12.3,$0.49B,$0.66B,0.74,$1.33B,$1.36B,0.98,$2.39B,$1.01B,42.10%,$2.39B,$0.27B,11.16%,$2.39B,$0.27B,11.16%,$2.39B,$0.45B,18.94%,$2.39B,$0.21B,8.65%,$2.39B,$0.13B,5.27%,$0.13B,$1.36B,9.93%,$0.13B,$1.12B,12.23%,$0.13B,$4.14B,3.02%,$0.27B,$2.69B,12.06%,$464,$244,$220,$0,$14,$431,$33,$-27,$6,$2,$5,$5,$5,$80,$33,$76,77,$0.06,$0.06,$12,$134,$75,$486,$2601,$526,$238,$120,$3653,$4139,$659,$1329,$311,$2120,$2778,$658,$706,$-3,$1361,$4139,$69,$95,$31,$126,$132,$26,$-48,$8,$136,$331,$-164,$0,$0,$4,$0,$4,$-11,$-171,$68,$-312,$-244,$125,$125,$-49,$-0,$-169,$-9,$0,$-49
42,2008-03-31,17.14,$16.56,1.04,$30.76,0.56,$3.78,4.53,$1.79,9.58,$0.52B,$2.10B,0.25,$0.00B,$1.27B,0.0,$2.35B,$1.00B,42.51%,$2.35B,$0.27B,11.66%,$2.35B,$0.27B,11.66%,$2.35B,$0.46B,19.53%,$2.35B,$0.22B,9.36%,$2.35B,$0.14B,5.83%,$0.14B,$1.27B,11.11%,$0.14B,$1.03B,13.77%,$0.14B,$4.15B,3.33%,$0.27B,$1.27B,12.76%,$902,$603,$299,$0,$27,$793,$109,$-8,$101,$37,$64,$64,$64,$156,$109,$76,76,$0.84,$0.84,$25,$64,$129,$521,$2562,$539,$238,$120,$3629,$4150,$2102,$0,$309,$783,$2885,$533,$726,$6,$1265,$4150,$64,$47,$8,$55,$-27,$97,$-74,$89,$169,$288,$-70,$0,$0,$2,$0,$2,$-8,$-76,$68,$-252,$-184,$0,$0,$-25,$0,$-208,$5,$0,$-25
43,2007-12-31,18.32,$16.17,1.13,$29.81,0.61,$2.84,6.44,$1.87,9.8,$0.70B,$1.03B,0.68,$1.25B,$1.23B,1.01,$2.28B,$0.97B,42.64%,$2.28B,$0.26B,11.44%,$2.28B,$0.26B,11.44%,$2.28B,$0.44B,19.46%,$2.28B,$0.22B,9.60%,$2.28B,$0.14B,6.27%,$0.14B,$1.23B,11.70%,$0.14B,$1.00B,14.53%,$0.14B,$4.30B,3.53%,$0.26B,$2.48B,10.70%,$645,$378,$267,$0,$19,$565,$80,$-9,$71,$31,$40,$40,$40,$125,$80,$76,77,$0.53,$0.52,$21,$161,$168,$700,$2540,$606,$238,$38,$3597,$4296,$1027,$1245,$307,$2035,$3063,$533,$689,$13,$1234,$4296,$143,$185,$13,$198,$-29,$3,$5,$-26,$-43,$298,$-335,$0,$0,$33,$0,$33,$-2,$-303,$-8,$92,$85,$5,$5,$-96,$-1,$-7,$-12,$0,$-96
44,2007-09-30,17.03,$15.85,1.07,$29.39,0.58,$3.70,4.61,$1.81,9.41,$0.55B,$0.90B,0.61,$1.21B,$1.21B,1.0,$2.25B,$0.94B,41.90%,$2.25B,$0.25B,11.26%,$2.25B,$0.25B,11.26%,$2.25B,$0.44B,19.41%,$2.25B,$0.20B,8.86%,$2.25B,$0.14B,6.14%,$0.14B,$1.21B,11.43%,$0.14B,$0.98B,14.24%,$0.14B,$4.08B,3.45%,$0.25B,$2.42B,10.48%,$381,$161,$221,$0,$12,$336,$45,$-16,$29,$12,$17,$17,$17,$92,$45,$76,76,$0.23,$0.22,$11,$199,$61,$548,$2492,$507,$238,$111,$3533,$4081,$900,$1208,$303,$1968,$2868,$532,$674,$7,$1213,$4081,$103,$140,$19,$159,$127,$-35,$-74,$-32,$-30,$232,$-239,$0,$0,$37,$0,$37,$-0,$-203,$-7,$22,$15,$5,$5,$-72,$0,$-51,$-22,$0,$-72
45,2007-06-30,16.61,$15.93,1.04,$28.87,0.58,$4.81,3.45,$1.75,9.49,$0.45B,$0.74B,0.6,$1.21B,$1.22B,0.99,$2.21B,$0.91B,41.02%,$2.21B,$0.24B,10.70%,$2.21B,$0.24B,10.70%,$2.21B,$0.42B,18.86%,$2.21B,$0.18B,8.11%,$2.21B,$0.13B,6.03%,$0.13B,$1.22B,11.19%,$0.13B,$0.98B,13.99%,$0.13B,$3.92B,3.38%,$0.24B,$2.43B,9.80%,$422,$209,$212,$0,$15,$382,$40,$-21,$19,$3,$16,$16,$16,$86,$40,$76,77,$0.21,$0.21,$9,$128,$60,$447,$2450,$502,$238,$113,$3474,$3921,$744,$1208,$303,$1958,$2702,$532,$681,$6,$1219,$3921,$86,$92,$-1,$92,$128,$36,$-103,$30,$91,$268,$-155,$0,$0,$41,$0,$41,$0,$-114,$0,$-135,$-135,$5,$5,$-48,$-0,$-178,$-24,$0,$-48
46,2007-03-31,17.45,$15.98,1.09,$27.55,0.63,$5.55,3.14,$1.60,10.91,$0.51B,$0.75B,0.68,$1.21B,$1.22B,0.99,$2.10B,$0.84B,40.15%,$2.10B,$0.23B,10.70%,$2.10B,$0.23B,10.70%,$2.10B,$0.40B,19.03%,$2.10B,$0.16B,7.42%,$2.10B,$0.12B,5.76%,$0.12B,$1.22B,10.34%,$0.12B,$0.99B,12.88%,$0.12B,$3.92B,3.14%,$0.23B,$2.43B,9.38%,$834,$562,$273,$0,$25,$738,$96,$5,$100,$30,$70,$70,$70,$141,$96,$76,77,$0.92,$0.92,$17,$79,$101,$509,$2403,$495,$238,$113,$3408,$3917,$750,$1208,$295,$1945,$2694,$531,$690,$2,$1223,$3917,$70,$46,$-13,$33,$-12,$85,$-95,$77,$112,$215,$-67,$0,$0,$46,$0,$46,$0,$-21,$0,$-192,$-192,$6,$6,$-24,$0,$-210,$-16,$0,$-24
47,2006-12-31,17.07,$15.43,1.11,$26.83,0.64,$5.62,3.04,$1.44,11.85,$0.72B,$0.96B,0.75,$1.21B,$1.17B,1.03,$2.04B,$0.80B,39.16%,$2.04B,$0.22B,10.82%,$2.04B,$0.22B,10.82%,$2.04B,$0.39B,19.19%,$2.04B,$0.14B,6.85%,$2.04B,$0.11B,5.34%,$0.11B,$1.17B,9.41%,$0.11B,$0.94B,11.65%,$0.11B,$4.09B,2.87%,$0.22B,$2.38B,9.21%,$609,$374,$235,$0,$20,$537,$72,$-22,$51,$16,$35,$35,$35,$117,$72,$76,76,$0.46,$0.45,$33,$164,$148,$716,$2386,$475,$238,$114,$3376,$4092,$961,$1208,$291,$1956,$2917,$526,$644,$5,$1174,$4092,$109,$172,$22,$194,$109,$-18,$-72,$11,$7,$310,$-281,$0,$0,$-11,$0,$-11,$-45,$-337,$-32,$165,$133,$0,$0,$-93,$-1,$40,$12,$0,$-93
