,Date,Stock Price,Book Value per Share,Price to Book Ratio,TTM Sales per Share,Price to Sales Ratio,TTM FCF per Share,Price to FCF Ratio,TTM Net EPS,PE Ratio,Current Assets,Current Liabilities,Current Ratio,Long Term Debt,Shareholder's Equity_x,Debt to Equity Ratio,TTM Revenue_x,TTM Gross Profit,Gross Margin,TTM Revenue_y,TTM Operating Income,Operating Margin,TTM Revenue_x,TTM EBIT,EBIT Margin,TTM Revenue_y,TTM EBITDA,EBITDA Margin,TTM Revenue_x,TTM Pre-Tax Income,Pre-Tax Margin,TTM Revenue_y,TTM Net Income_x,Net Margin,TTM Net Income_y,Shareholder's Equity_y,Return on Equity,TTM Net Income_x,Tangible Equity,Return on Tangible Equity,TTM Net Income_y,Total Assets,Return on Assets,TTM Net Income,LT Investments & Debt,Return on Investment,revenue,cost-goods-sold,gross-profit,research-development-expenses,selling-general-administrative-expenses,operating-expenses,operating-income,total-non-operating-income-expense,pre-tax-income,total-provision-income-taxes,income-after-taxes,income-from-continuous-operations,net-income,ebitda,ebit,basic-shares-outstanding,shares-outstanding,eps-basic-net-earnings-per-share,eps-earnings-per-share-diluted,cash-on-hand,inventory,other-current-assets,total-current-assets,net-property-plant-equipment,long-term-investments,goodwill-intangible-assets-total,other-long-term-assets,total-long-term-assets,total-assets,total-current-liabilities,long-term-debt,other-non-current-liabilities,total-long-term-liabilities,total-liabilities,common-stock-net,retained-earnings-accumulated-deficit,comprehensive-income,total-share-holder-equity,total-liabilities-share-holders-equity,net-income-loss,total-depreciation-amortization-cash-flow,other-non-cash-items,total-non-cash-items,change-in-accounts-receivable,change-in-inventories,change-in-accounts-payable,change-in-assets-liabilities,total-change-in-assets-liabilities,cash-flow-from-operating-activities,net-change-in-property-plant-equipment,net-change-in-intangible-assets,net-acquisitions-divestitures,net-change-in-short-term-investments,net-change-in-long-term-investments,net-change-in-investments-total,investing-activities-other,cash-flow-from-investing-activities,net-long-term-debt,net-current-debt,debt-issuance-retirement-net-total,net-common-equity-issued-repurchased,net-total-equity-issued-repurchased,total-common-preferred-stock-dividends-paid,financial-activities-other,cash-flow-from-financial-activities,net-cash-flow,stock-based-compensation,common-stock-dividends-paid
0,2018-09-30,4.41,$-3.42,-1.29,$5.36,0.82,$-6.91,0.0,$-4.07,0.0,$0.17B,$0.04B,4.36,$0.30B,$-0.04B,-8.27,$0.06B,$0.04B,77.19%,$0.06B,$-0.01B,-12.28%,$0.06B,$-0.01B,-12.28%,$0.06B,$0.02B,35.09%,$0.06B,$-0.04B,-75.44%,$0.06B,$-0.04B,-75.44%,$-0.04B,$-0.04B,184.95%,$-0.04B,$-0.17B,46.11%,$-0.04B,$0.31B,-15.29%,$-0.01B,$0.26B,-2.89%,$18,$3,$15,$2,$8,$18,$0,$-10,$-9,$0,$-9,$-9,$-9,$9,$0,$11,11,$-0.87,$-0.87,$115,$22,$0,$168,$0,$0,$138,$0,$138,$306,$39,$300,$0,$304,$343,$0,$-876,$-0,$-36,$306,$-32,$21,$3,$24,$-11,$-3,$-6,$-1,$-18,$-27,$-0,$-135,$0,$0,$102,$102,$0,$-33,$51,$0,$51,$0,$0,$0,$0,$51,$-8,$3,$0
1,2018-06-30,0.71,$-2.63,-0.27,$5.10,0.14,$-5.48,0.0,$-3.80,0.0,$0.16B,$0.03B,4.93,$0.30B,$-0.03B,-10.6,$0.05B,$0.04B,75.93%,$0.05B,$-0.01B,-9.26%,$0.05B,$-0.01B,-9.26%,$0.05B,$0.02B,35.19%,$0.05B,$-0.04B,-74.07%,$0.05B,$-0.04B,-74.07%,$-0.04B,$-0.03B,280.70%,$-0.04B,$-0.17B,80.40%,$-0.04B,$0.31B,-14.73%,$-0.01B,$0.27B,-2.15%,$15,$3,$12,$2,$12,$18,$-3,$-9,$-13,$0,$-13,$-13,$-13,$4,$-3,$11,11,$-1.20,$-1.20,$124,$22,$0,$163,$0,$0,$142,$0,$142,$305,$33,$295,$0,$300,$333,$0,$-867,$-1,$-28,$305,$-23,$13,$2,$15,$1,$-3,$-6,$0,$-10,$-18,$-0,$-135,$0,$0,$93,$93,$0,$-42,$51,$0,$51,$0,$0,$0,$0,$51,$-9,$2,$0
2,2018-03-31,0.36,$-1.84,-0.19,$4.75,0.07,$-4.84,0.0,$-3.90,0.0,$0.25B,$0.03B,8.67,$0.24B,$-0.02B,-12.06,$0.05B,$0.04B,74.00%,$0.05B,$-0.01B,-14.00%,$0.05B,$-0.01B,-14.00%,$0.05B,$0.02B,30.00%,$0.05B,$-0.04B,-80.00%,$0.05B,$-0.04B,-80.00%,$-0.04B,$-0.02B,666.67%,$-0.04B,$-0.02B,640.00%,$-0.04B,$0.25B,-15.04%,$-0.01B,$0.22B,-3.15%,$12,$3,$9,$1,$10,$14,$-2,$-8,$-11,$0,$-11,$-11,$-11,$3,$-2,$11,11,$-1.00,$-1.00,$209,$21,$0,$248,$1,$0,$0,$1,$1,$249,$29,$236,$0,$240,$269,$0,$-854,$-1,$-20,$249,$-11,$6,$1,$7,$1,$-3,$-5,$0,$-8,$-12,$-0,$0,$0,$0,$27,$27,$0,$27,$-5,$0,$-5,$0,$0,$0,$0,$-5,$10,$1,$0
3,2017-12-31,0.5,$-0.88,-0.57,$6.19,0.08,$-4.38,0.0,$-3.00,0.0,$0.26B,$0.04B,6.79,$0.23B,$-0.01B,-24.69,$0.07B,$0.05B,75.38%,$0.07B,$0.00B,3.08%,$0.07B,$0.00B,3.08%,$0.07B,$0.03B,38.46%,$0.07B,$-0.03B,-46.15%,$0.07B,$-0.03B,-46.15%,$-0.03B,$-0.01B,-857.14%,$-0.03B,$-0.01B,-923.08%,$-0.03B,$0.27B,-10.81%,$0.00B,$0.22B,0.86%,$12,$4,$8,$1,$9,$14,$-2,$-8,$-10,$0,$-10,$-10,$-10,$4,$-2,$11,11,$-0.93,$-0.93,$226,$18,$0,$263,$1,$0,$1,$0,$2,$265,$39,$231,$0,$236,$274,$0,$-844,$-1,$-9,$265,$-31,$22,$3,$25,$-3,$-2,$5,$-18,$-11,$-16,$-0,$0,$0,$0,$24,$24,$0,$24,$-26,$0,$-26,$0,$0,$0,$0,$-26,$-18,$3,$0
4,2017-09-30,0.99,$0.03,29.55,$12.85,0.08,$0.79,1.26,$3.40,0.29,$0.27B,$0.04B,7.47,$0.23B,$0.00B,634.8,$0.14B,$0.12B,89.63%,$0.14B,$0.07B,51.11%,$0.14B,$0.07B,51.11%,$0.14B,$0.09B,67.41%,$0.14B,$0.04B,27.41%,$0.14B,$0.04B,27.41%,$0.04B,$0.00B,360.98%,$0.04B,$0.00B,360.98%,$0.04B,$0.27B,12.86%,$0.07B,$0.23B,28.87%,$15,$3,$12,$1,$8,$13,$2,$-8,$-6,$0,$-6,$-6,$-6,$8,$2,$11,11,$-0.57,$-0.57,$236,$13,$0,$265,$1,$0,$0,$1,$2,$267,$35,$225,$0,$231,$266,$0,$-833,$-0,$0,$267,$-20,$16,$2,$19,$-2,$3,$-0,$-14,$-10,$-11,$-0,$0,$0,$0,$22,$22,$0,$22,$-22,$0,$-22,$0,$0,$0,$0,$-22,$-12,$2,$0
5,2017-06-30,1.22,$0.52,2.36,$12.69,0.1,$6.52,0.19,$3.10,0.39,$0.28B,$0.05B,5.5,$0.22B,$0.01B,40.25,$0.13B,$0.12B,90.23%,$0.13B,$0.07B,49.62%,$0.13B,$0.07B,49.62%,$0.13B,$0.09B,65.41%,$0.13B,$0.03B,25.56%,$0.13B,$0.03B,25.56%,$0.03B,$0.01B,4533.33%,$0.03B,$0.01B,4533.33%,$0.03B,$0.28B,11.36%,$0.07B,$0.23B,28.63%,$11,$3,$8,$1,$12,$16,$-5,$-8,$-13,$0,$-13,$-13,$-13,$0,$-5,$11,11,$-1.30,$-1.30,$252,$16,$0,$281,$1,$0,$0,$1,$2,$283,$51,$220,$0,$226,$277,$0,$-827,$-0,$5,$283,$-14,$11,$1,$12,$1,$1,$-0,$-15,$-9,$-11,$-0,$0,$0,$0,$9,$9,$0,$9,$-7,$0,$-7,$0,$0,$0,$0,$-6,$-8,$1,$0
6,2017-03-31,1.12,$1.70,0.66,$12.96,0.09,$5.93,0.19,$3.30,0.34,$0.29B,$0.04B,8.14,$0.24B,$0.02B,13.06,$0.14B,$0.12B,90.44%,$0.14B,$0.07B,49.26%,$0.14B,$0.07B,49.26%,$0.14B,$0.09B,64.71%,$0.14B,$0.04B,26.47%,$0.14B,$0.04B,26.47%,$0.04B,$0.02B,-464.52%,$0.04B,$0.02B,-464.52%,$0.04B,$0.30B,12.35%,$0.07B,$0.25B,30.21%,$27,$6,$21,$2,$11,$20,$7,$-8,$-1,$-0,$-1,$-1,$-1,$13,$7,$11,11,$-0.10,$-0.10,$260,$17,$0,$293,$1,$0,$0,$1,$2,$295,$36,$235,$0,$241,$278,$0,$-814,$-0,$18,$295,$-1,$5,$1,$6,$-2,$-1,$0,$-14,$-12,$-7,$-0,$0,$0,$0,$-8,$-8,$0,$-8,$-2,$0,$-2,$0,$0,$0,$0,$-2,$-17,$1,$0
7,2016-12-31,1.15,$1.73,0.66,$11.87,0.1,$5.47,0.21,$2.20,0.52,$0.30B,$0.05B,6.29,$0.23B,$0.02B,12.79,$0.12B,$0.11B,91.94%,$0.12B,$0.06B,44.35%,$0.12B,$0.06B,44.35%,$0.12B,$0.08B,61.29%,$0.12B,$0.02B,19.35%,$0.12B,$0.02B,19.35%,$0.02B,$0.02B,-141.18%,$0.02B,$0.02B,-141.18%,$0.02B,$0.31B,8.49%,$0.06B,$0.25B,26.38%,$82,$2,$80,$2,$13,$17,$65,$-8,$57,$0,$57,$57,$57,$70,$65,$10,10,$5.40,$5.40,$270,$16,$0,$303,$1,$0,$0,$2,$2,$306,$48,$233,$0,$239,$288,$0,$-813,$-1,$18,$306,$23,$21,$3,$23,$-0,$-3,$-2,$-2,$-8,$38,$-0,$0,$0,$0,$-40,$-40,$0,$-40,$-9,$0,$-9,$0,$0,$0,$0,$-9,$-11,$2,$0
8,2016-09-30,1.14,$-3.64,-0.31,$5.55,0.21,$-2.63,0.0,$-4.40,0.0,$0.31B,$0.12B,2.71,$0.23B,$-0.04B,-6.03,$0.06B,$0.05B,82.46%,$0.06B,$-0.01B,-24.56%,$0.06B,$-0.01B,-24.56%,$0.06B,$0.01B,12.28%,$0.06B,$-0.05B,-78.95%,$0.06B,$-0.05B,-78.95%,$-0.05B,$-0.04B,193.55%,$-0.05B,$-0.04B,193.55%,$-0.05B,$0.31B,-16.33%,$-0.01B,$0.19B,-7.06%,$13,$2,$11,$2,$10,$14,$-1,$-8,$-9,$-0,$-9,$-9,$-9,$4,$-1,$10,10,$-0.90,$-0.90,$284,$11,$0,$311,$1,$0,$0,$2,$2,$313,$115,$230,$0,$237,$351,$0,$-870,$0,$-38,$313,$-33,$15,$2,$17,$-1,$2,$-1,$72,$65,$49,$0,$0,$0,$0,$16,$16,$0,$16,$-6,$0,$-6,$0,$0,$0,$0,$-6,$59,$2,$0
9,2016-06-30,1.12,$-2.83,-0.4,$6.67,0.17,$-11.26,0.0,$-5.00,0.0,$0.25B,$0.05B,4.77,$0.22B,$-0.03B,-7.5,$0.07B,$0.05B,71.01%,$0.07B,$-0.02B,-30.43%,$0.07B,$-0.02B,-30.43%,$0.07B,0,0.00%,$0.07B,$-0.05B,-75.36%,$0.07B,$-0.05B,-75.36%,$-0.05B,$-0.03B,416.00%,$-0.05B,$-0.03B,416.00%,$-0.05B,$0.25B,-19.26%,$-0.02B,$0.19B,-10.18%,$14,$3,$11,$1,$14,$17,$-4,$-8,$-11,$0,$-11,$-11,$-11,$1,$-4,$10,10,$-1.10,$-1.10,$220,$11,$0,$249,$1,$0,$0,$2,$3,$252,$52,$221,$1,$229,$281,$0,$-860,$0,$-29,$252,$-24,$10,$1,$11,$-2,$3,$1,$1,$-5,$-17,$0,$0,$0,$0,$9,$9,$0,$9,$-4,$0,$-4,$0,$0,$0,$0,$-4,$-13,$1,$0
10,2016-03-31,1.4,$-1.84,-0.76,$7.56,0.19,$-11.58,0.0,$-8.70,0.0,$0.26B,$0.05B,5.02,$0.22B,$-0.02B,-11.45,$0.08B,$0.05B,65.38%,$0.08B,$-0.06B,-74.36%,$0.08B,$-0.06B,-74.36%,$0.08B,$-0.04B,-47.44%,$0.08B,$-0.09B,-115.38%,$0.08B,$-0.09B,-115.38%,$-0.09B,$-0.02B,-10376293541461622784.00%,$-0.09B,$-0.02B,-10376293541461622784.00%,$-0.09B,$0.26B,-31.61%,$-0.06B,$0.20B,-26.61%,$15,$4,$12,$1,$15,$20,$-5,$-8,$-13,$0,$-13,$-13,$-13,$1,$-5,$10,10,$-1.20,$-1.20,$228,$11,$0,$256,$1,$0,$0,$2,$3,$260,$51,$219,$1,$228,$279,$0,$-849,$0,$-19,$260,$-13,$5,$0,$5,$-3,$2,$1,$1,$-4,$-12,$0,$0,$0,$0,$2,$2,$0,$2,$-2,$0,$-2,$0,$0,$0,$0,$-2,$-12,$0,$0
11,2015-12-31,1.02,$-0.68,-1.5,$9.19,0.11,$-11.56,0.0,$-9.00,0.0,$0.27B,$0.06B,4.6,$0.22B,$-0.01B,-30.63,$0.10B,$0.06B,64.21%,$0.10B,$-0.06B,-63.16%,$0.10B,$-0.06B,-63.16%,$0.10B,$-0.04B,-41.05%,$0.10B,$-0.09B,-96.84%,$0.10B,$-0.09B,-96.84%,$-0.09B,$-0.01B,-418.18%,$-0.09B,$-0.01B,-418.18%,$-0.09B,$0.28B,-29.82%,$-0.06B,$0.21B,-25.05%,$15,$3,$13,$3,$14,$20,$-4,$-8,$-12,$-0,$-12,$-12,$-12,$1,$-4,$10,10,$-1.20,$-1.20,$242,$14,$0,$274,$1,$0,$0,$3,$4,$277,$59,$217,$1,$225,$284,$0,$-836,$-0,$-7,$277,$-93,$21,$33,$54,$3,$-8,$-3,$3,$-7,$-46,$-0,$0,$0,$0,$68,$68,$0,$67,$-9,$0,$-9,$0,$0,$0,$0,$-9,$12,$4,$0
12,2015-09-30,1.64,$0.47,3.5,$9.81,0.17,$-10.78,0.0,$-10.30,0.0,$0.29B,$0.06B,4.8,$0.22B,$0.01B,44.96,$0.10B,$0.06B,58.82%,$0.10B,$-0.07B,-71.57%,$0.10B,$-0.07B,-71.57%,$0.10B,$-0.05B,-50.98%,$0.10B,$-0.11B,-102.94%,$0.10B,$-0.11B,-102.94%,$-0.11B,$0.01B,-235.96%,$-0.11B,$0.01B,-235.96%,$-0.11B,$0.29B,-31.72%,$-0.07B,$0.22B,-27.86%,$25,$12,$13,$2,$17,$33,$-8,$-8,$-16,$0,$-16,$-16,$-16,$-3,$-8,$10,10,$-1.50,$-1.50,$251,$9,$0,$285,$1,$0,$0,$5,$6,$291,$59,$219,$1,$227,$286,$0,$-824,$0,$5,$291,$-81,$16,$33,$48,$-3,$-4,$-3,$4,$-8,$-41,$-0,$0,$0,$0,$43,$43,$0,$43,$-5,$0,$-5,$0,$0,$0,$0,$-5,$-4,$3,$0
13,2015-06-30,2.36,$1.99,1.19,$10.69,0.22,$-9.91,0.0,$-10.30,0.0,$0.30B,$0.07B,4.72,$0.22B,$0.02B,10.53,$0.11B,$0.07B,66.67%,$0.11B,$-0.07B,-65.77%,$0.11B,$-0.07B,-65.77%,$0.11B,$-0.05B,-46.85%,$0.11B,$-0.11B,-94.59%,$0.11B,$-0.11B,-94.59%,$-0.11B,$0.02B,-150.54%,$-0.11B,$0.02B,-150.54%,$-0.11B,$0.31B,-29.47%,$-0.07B,$0.24B,-25.46%,$23,$10,$13,$3,$22,$64,$-41,$-8,$-49,$0,$-49,$-49,$-49,$-36,$-41,$10,10,$-4.80,$-4.80,$274,$10,$0,$304,$1,$0,$0,$6,$7,$311,$65,$218,$1,$226,$291,$0,$-808,$0,$21,$311,$-65,$11,$32,$43,$1,$-4,$5,$3,$1,$-20,$-0,$0,$0,$0,$27,$27,$0,$27,$-3,$0,$-3,$0,$0,$0,$0,$-3,$3,$3,$0
14,2015-03-31,2.46,$6.61,0.37,$10.59,0.23,$-9.67,0.0,$-8.00,0.0,$0.35B,$0.06B,5.84,$0.22B,$0.07B,3.17,$0.11B,$0.08B,69.09%,$0.11B,$-0.05B,-44.55%,$0.11B,$-0.05B,-44.55%,$0.11B,$-0.03B,-25.45%,$0.11B,$-0.08B,-74.55%,$0.11B,$-0.08B,-74.55%,$-0.08B,$0.07B,-87.00%,$-0.08B,$0.07B,-87.00%,$-0.08B,$0.36B,-21.65%,$-0.05B,$0.29B,-15.74%,$32,$10,$22,$3,$26,$39,$-7,$-9,$-15,$0,$-15,$-15,$-15,$-1,$-7,$10,10,$-1.50,$-1.50,$287,$36,$0,$347,$1,$0,$0,$6,$8,$355,$59,$218,$1,$227,$286,$0,$-759,$0,$69,$355,$-15,$5,$2,$7,$-0,$-1,$-1,$-0,$-3,$-11,$-0,$0,$0,$0,$27,$27,$0,$27,$-0,$0,$-0,$0,$0,$0,$0,$-0,$16,$2,$0
15,2014-12-31,2.88,$7.96,0.36,$11.04,0.26,$-10.98,0.0,$-8.00,0.0,$0.36B,$0.06B,6.33,$0.22B,$0.08B,2.63,$0.12B,$0.08B,70.43%,$0.12B,$-0.05B,-43.48%,$0.12B,$-0.05B,-43.48%,$0.12B,$-0.03B,-26.09%,$0.12B,$-0.08B,-72.17%,$0.12B,$-0.08B,-72.17%,$-0.08B,$0.08B,-73.94%,$-0.08B,$0.08B,-73.94%,$-0.08B,$0.37B,-21.00%,$-0.05B,$0.30B,-15.19%,$22,$10,$12,$3,$27,$39,$-17,$-8,$-25,$0,$-25,$-25,$-25,$-12,$-17,$10,10,$-2.50,$-2.50,$300,$34,$0,$358,$1,$0,$0,$7,$9,$367,$57,$217,$2,$228,$284,$0,$-743,$-0,$83,$367,$-83,$21,$12,$33,$1,$12,$-0,$8,$12,$-38,$-0,$0,$0,$0,$20,$20,$-3,$16,$0,$0,$0,$2,$2,$0,$0,$2,$-20,$10,$0
16,2014-09-30,3.86,$10.22,0.38,$13.30,0.29,$-20.82,0.0,$-7.20,0.0,$0.38B,$0.06B,6.62,$0.22B,$0.11B,2.05,$0.14B,$0.11B,80.29%,$0.14B,$-0.04B,-30.66%,$0.14B,$-0.04B,-30.66%,$0.14B,$-0.02B,-16.79%,$0.14B,$-0.08B,-54.74%,$0.14B,$-0.08B,-54.74%,$-0.08B,$0.11B,-57.80%,$-0.08B,$0.11B,-57.80%,$-0.08B,$0.39B,-18.23%,$-0.04B,$0.32B,-12.15%,$34,$7,$27,$3,$28,$42,$-8,$-8,$-16,$-0,$-16,$-16,$-16,$-3,$-8,$10,10,$-1.50,$-1.50,$307,$38,$0,$382,$2,$0,$0,$8,$9,$392,$58,$217,$2,$228,$286,$0,$-718,$0,$106,$392,$-57,$15,$10,$25,$-15,$8,$-3,$12,$-0,$-32,$-0,$0,$0,$0,$13,$13,$-3,$10,$0,$0,$0,$2,$2,$0,$0,$2,$-20,$8,$0
17,2014-06-30,5.32,$11.49,0.46,$12.74,0.42,$-29.90,0.0,$-10.50,0.0,$0.39B,$0.05B,7.47,$0.22B,$0.12B,1.83,$0.13B,$0.11B,84.62%,$0.13B,$-0.08B,-57.69%,$0.13B,$-0.08B,-57.69%,$0.13B,$-0.06B,-43.08%,$0.13B,$-0.11B,-82.31%,$0.13B,$-0.11B,-82.31%,$-0.11B,$0.12B,-75.49%,$-0.11B,$0.12B,-75.49%,$-0.11B,$0.40B,-25.54%,$-0.08B,$0.34B,-21.08%,$22,$7,$15,$4,$28,$39,$-17,$-8,$-26,$-0,$-26,$-26,$-26,$-12,$-17,$10,10,$-2.50,$-2.50,$324,$44,$0,$394,$2,$0,$0,$5,$7,$401,$53,$217,$2,$229,$282,$0,$-702,$0,$119,$401,$-41,$10,$5,$16,$-1,$5,$-1,$10,$8,$-18,$-0,$0,$0,$0,$10,$10,$-0,$10,$0,$0,$0,$1,$1,$0,$0,$1,$-7,$6,$0
18,2014-03-31,5.94,$13.69,0.43,$11.17,0.53,$-39.29,0.0,$-13.50,0.0,$0.41B,$0.05B,8.28,$0.22B,$0.14B,1.53,$0.11B,$0.10B,87.72%,$0.11B,$-0.11B,-95.61%,$0.11B,$-0.11B,-95.61%,$0.11B,$-0.09B,-81.58%,$0.11B,$-0.14B,-120.18%,$0.11B,$-0.14B,-120.18%,$-0.14B,$0.14B,-86.57%,$-0.14B,$0.14B,-86.57%,$-0.14B,$0.42B,-32.20%,$-0.11B,$0.36B,-29.50%,$37,$10,$27,$4,$29,$45,$-8,$-8,$-16,$-0,$-16,$-16,$-16,$-3,$-8,$10,10,$-1.50,$-1.50,$316,$47,$0,$414,$2,$0,$0,$6,$7,$421,$50,$217,$3,$229,$279,$0,$-676,$0,$141,$421,$-16,$5,$3,$7,$-19,$1,$-3,$4,$-17,$-25,$-0,$0,$0,$0,$13,$13,$-2,$11,$0,$0,$0,$1,$1,$0,$0,$1,$-14,$3,$0
19,2013-12-31,9.08,$14.87,0.61,$8.03,1.13,$-43.14,0.0,$-17.30,0.0,$0.42B,$0.05B,8.15,$0.21B,$0.15B,1.39,$0.08B,$0.08B,95.06%,$0.08B,$-0.16B,-191.36%,$0.08B,$-0.16B,-191.36%,$0.08B,$-0.14B,-176.54%,$0.08B,$-0.18B,-216.05%,$0.08B,$-0.18B,-216.05%,$-0.18B,$0.15B,-104.79%,$-0.18B,$0.15B,-104.79%,$-0.18B,$0.43B,-46.92%,$-0.16B,$0.37B,-47.84%,$44,$3,$41,$5,$36,$53,$-9,$-8,$-17,$0,$-17,$-17,$-17,$-5,$-9,$10,10,$-1.60,$-1.60,$343,$49,$0,$424,$2,$0,$0,$6,$8,$432,$52,$213,$3,$226,$278,$0,$-661,$0,$153,$432,$-175,$12,$40,$52,$-9,$-30,$-15,$29,$-13,$-135,$-2,$0,$0,$0,$-87,$-87,$-2,$-90,$290,$0,$290,$15,$15,$0,$-35,$270,$45,$32,$0
20,2013-09-30,9.3,$15.22,0.61,$3.87,2.4,$-43.18,0.0,$-21.20,0.0,$0.41B,$0.06B,6.98,$0.21B,$0.15B,1.36,$0.04B,$0.04B,97.44%,$0.04B,$-0.20B,-517.95%,$0.04B,$-0.20B,-517.95%,$0.04B,$-0.19B,-494.87%,$0.04B,$-0.21B,-548.72%,$0.04B,$-0.22B,-551.28%,$-0.22B,$0.15B,-116.53%,$-0.22B,$0.15B,-116.53%,$-0.22B,$0.42B,-64.95%,$-0.20B,$0.36B,-70.08%,$27,$1,$27,$8,$38,$68,$-41,$-8,$-48,$0,$-48,$-48,$-48,$-36,$-41,$10,10,$-4.80,$-4.80,$346,$38,$0,$412,$3,$0,$0,$8,$11,$422,$59,$210,$0,$210,$269,$0,$-643,$0,$154,$422,$-158,$8,$35,$43,$-4,$-20,$-8,$17,$-6,$-121,$-2,$0,$0,$0,$-49,$-49,$-1,$-52,$290,$0,$290,$3,$3,$0,$-35,$258,$85,$28,$0
21,2013-06-30,12.58,$18.36,0.69,$1.16,10.82,$-38.37,0.0,$-20.40,0.0,$0.42B,$0.04B,11.66,$0.21B,$0.19B,1.11,$0.01B,$0.01B,91.67%,$0.01B,$-0.20B,-1683.33%,$0.01B,$-0.20B,-1683.33%,$0.01B,$-0.20B,-1633.33%,$0.01B,$-0.21B,-1716.67%,$0.01B,$-0.21B,-1725.00%,$-0.21B,$0.19B,-96.50%,$-0.21B,$0.19B,-96.50%,$-0.21B,$0.43B,-68.37%,$-0.20B,$0.39B,-75.94%,$6,$1,$5,$9,$40,$57,$-51,$-4,$-56,$0,$-56,$-56,$-56,$-49,$-51,$10,10,$-5.50,$-5.50,$358,$34,$0,$416,$3,$0,$0,$8,$11,$427,$36,$206,$0,$206,$242,$0,$-595,$-0,$185,$427,$-109,$3,$19,$22,$-2,$-16,$-9,$3,$-23,$-110,$-2,$0,$0,$0,$-79,$-79,$-0,$-81,$290,$0,$290,$2,$2,$0,$-35,$257,$66,$12,$0
22,2013-03-31,11.0,$17.44,0.63,$0.61,17.94,$-30.97,0.0,$-17.30,0.0,$0.21B,$0.04B,5.85,$0.00B,$0.18B,0.0,$0.01B,$0.01B,100.00%,$0.01B,$-0.18B,-2916.67%,$0.01B,$-0.18B,-2916.67%,$0.01B,$-0.17B,-2833.33%,$0.01B,$-0.17B,-2900.00%,$0.01B,$-0.18B,-2916.67%,$-0.18B,$0.18B,-71.43%,$-0.18B,$0.18B,-71.43%,$-0.18B,$0.21B,-63.29%,$-0.18B,$0.18B,-71.43%,$4,$0,$4,$7,$45,$58,$-54,$0,$-54,$0,$-54,$-54,$-54,$-53,$-54,$10,10,$-5.30,$-5.30,$150,$28,$0,$207,$3,$0,$0,$1,$4,$211,$35,$0,$0,$0,$35,$0,$-540,$0,$176,$211,$-54,$1,$11,$12,$-2,$-7,$-7,$-5,$-20,$-62,$-1,$0,$0,$0,$96,$96,$-1,$94,$0,$0,$0,$0,$0,$0,$0,$0,$32,$6,$0
23,2012-12-31,13.42,$22.15,0.61,$0.20,65.59,$-26.12,0.0,$-14.00,0.0,$0.26B,$0.04B,6.36,$0.00B,$0.22B,0.0,$0.00B,$0.00B,100.00%,$0.00B,$-0.14B,-7000.00%,$0.00B,$-0.14B,-7000.00%,$0.00B,$-0.14B,-6750.00%,$0.00B,$-0.14B,-6950.00%,$0.00B,$-0.14B,-7000.00%,$-0.14B,$0.22B,-49.56%,$-0.14B,$0.22B,-49.56%,$-0.14B,$0.26B,-45.38%,$-0.14B,$0.22B,-49.56%,$2,$0,$2,$8,$50,$58,$-56,$0,$-56,$0,$-56,$-56,$-57,$-55,$-56,$10,10,$-5.80,$-5.80,$215,$25,$0,$262,$2,$0,$0,$0,$2,$264,$41,$0,$0,$0,$41,$0,$-486,$0,$223,$264,$-140,$4,$15,$19,$-3,$-22,$22,$-16,$-11,$-132,$-2,$0,$0,$0,$-53,$-53,$-0,$-55,$0,$0,$0,$206,$206,$0,$0,$206,$19,$16,$0
24,2012-09-30,17.81,$27.24,0.65,$0.00,0.0,$-16.92,0.0,$-9.70,0.0,$0.31B,$0.03B,8.9,$0.00B,$0.27B,0.0,$0.00B,0,nan%,$0.00B,$-0.10B,inf%,$0.00B,$-0.10B,inf%,$0.00B,$-0.09B,inf%,$0.00B,$-0.10B,inf%,$0.00B,$-0.09B,inf%,$-0.09B,$0.27B,-35.88%,$-0.09B,$0.27B,-35.88%,$-0.09B,$0.31B,-33.51%,$-0.10B,$0.27B,-36.64%,$0,$0,$0,$9,$31,$41,$-41,$0,$-40,$0,$-40,$-40,$-40,$-39,$-41,$10,10,$-4.00,$-4.00,$274,$15,$0,$307,$1,$0,$0,$0,$1,$309,$34,$0,$0,$0,$34,$0,$-429,$0,$274,$309,$-84,$3,$10,$13,$-0,$-3,$10,$-13,$-3,$-73,$-1,$0,$0,$0,$-108,$-108,$-0,$-109,$0,$0,$0,$205,$205,$0,$0,$205,$23,$11,$0
25,2012-06-30,28.54,$30.68,0.93,0,0.0,$-12.96,0.0,$-6.70,0.0,$0.32B,$0.02B,21.7,$0.00B,$0.31B,0.0,$0.00B,0,nan%,$0.00B,$-0.06B,inf%,$0.00B,$-0.06B,inf%,$0.00B,$-0.06B,inf%,$0.00B,$-0.06B,inf%,$0.00B,$-0.06B,inf%,$-0.06B,$0.31B,-27.27%,$-0.06B,$0.31B,-27.27%,$-0.06B,$0.32B,-25.90%,$-0.06B,$0.31B,-27.71%,$0,$0,$0,$9,$15,$24,$-24,$0,$-24,$0,$-24,$-24,$-24,$-23,$-24,$10,10,$-2.40,$-2.40,$310,$3,$0,$322,$0,$0,$0,$0,$0,$322,$15,$0,$0,$0,$15,$0,$-389,$-0,$307,$322,$-43,$2,$6,$8,$0,$-0,$3,$-6,$-2,$-37,$-0,$0,$0,$0,$-124,$-124,$0,$-124,$0,$0,$0,$203,$203,$0,$0,$203,$41,$6,$0
26,2012-03-31,22.36,$32.66,0.68,0,0.0,$-11.43,0.0,$-6.30,0.0,$0.34B,$0.01B,25.92,$0.00B,$0.33B,0.0,$0.00B,0,nan%,$0.00B,$-0.06B,inf%,$0.00B,$-0.06B,inf%,$0.00B,$-0.05B,inf%,$0.00B,$-0.06B,inf%,$0.00B,$-0.06B,inf%,$-0.06B,$0.33B,-30.18%,$-0.06B,$0.33B,-30.18%,$-0.06B,$0.34B,-28.31%,$-0.06B,$0.33B,-30.73%,$0,$0,$0,$6,$12,$19,$-19,$0,$-19,$0,$-19,$-19,$-19,$-18,$-19,$9,9,$-2.00,$-2.00,$333,$3,$0,$338,$0,$0,$0,$0,$0,$339,$13,$0,$0,$0,$13,$0,$-365,$-0,$326,$339,$-19,$1,$2,$3,$0,$0,$2,$-0,$3,$-13,$0,$0,$0,$0,$-26,$-26,$-0,$-27,$0,$0,$0,$201,$201,$0,$0,$201,$161,$3,$0
27,2011-12-31,9.75,$15.86,0.61,0,0.0,$-11.28,0.0,$-5.50,0.0,$0.15B,$0.01B,13.83,$0.00B,$0.14B,0.0,$0.00B,0,nan%,$0.00B,$-0.05B,inf%,$0.00B,$-0.05B,inf%,$0.00B,$-0.04B,inf%,$0.00B,$-0.05B,inf%,$0.00B,$-0.05B,inf%,$-0.05B,$0.14B,-34.78%,$-0.05B,$0.14B,-34.78%,$-0.05B,$0.15B,-32.06%,$-0.05B,$0.14B,-35.54%,$0,$0,$0,$5,$7,$12,$-12,$0,$-12,$0,$-12,$-12,$-11,$-11,$-12,$8,8,$-1.30,$-1.30,$147,$3,$0,$152,$0,$0,$0,$0,$0,$152,$11,$0,$0,$0,$11,$0,$-346,$0,$141,$152,$-47,$3,$6,$10,$0,$0,$1,$-0,$1,$-37,$-0,$0,$0,$0,$-8,$-8,$0,$-9,$0,$0,$0,$48,$48,$0,$0,$48,$2,$7,$0
28,2011-09-30,8.07,$16.93,0.48,0,0.0,$-14.57,0.0,$-5.00,0.0,$0.16B,$0.01B,17.23,$0.00B,$0.15B,0.0,$0.00B,0,nan%,$0.00B,$-0.05B,inf%,$0.00B,$-0.05B,inf%,$0.00B,$-0.04B,inf%,$0.00B,$-0.05B,inf%,$0.00B,$-0.04B,inf%,$-0.04B,$0.15B,-32.31%,$-0.04B,$0.15B,-32.31%,$-0.04B,$0.16B,-29.68%,$-0.05B,$0.15B,-36.92%,$0,$0,$0,$4,$5,$9,$-9,$0,$-9,$0,$-9,$-9,$-9,$-8,$-9,$8,8,$-1.00,$-1.00,$155,$3,$0,$159,$0,$0,$0,$0,$0,$160,$9,$0,$0,$0,$9,$0,$-335,$0,$150,$160,$-35,$2,$5,$7,$0,$0,$-1,$1,$-1,$-29,$-0,$0,$0,$0,$16,$16,$0,$16,$0,$0,$0,$47,$47,$0,$0,$47,$34,$6,$0
29,2011-06-30,8.14,$13.67,0.6,0,0.0,$-17.28,0.0,$-6.20,0.0,$0.13B,$0.01B,8.89,$0.00B,$0.11B,0.0,$0.00B,0,nan%,$0.00B,$-0.06B,inf%,$0.00B,$-0.06B,inf%,$0.00B,$-0.05B,inf%,$0.00B,$-0.06B,inf%,$0.00B,$-0.05B,inf%,$-0.05B,$0.11B,-40.40%,$-0.05B,$0.11B,-40.40%,$-0.05B,$0.13B,-35.05%,$-0.06B,$0.11B,-43.08%,$0,$0,$0,$11,$5,$16,$-16,$0,$-16,$-0,$-16,$-16,$-16,$-15,$-16,$8,8,$-2.00,$-2.00,$122,$3,$0,$126,$0,$0,$0,$0,$0,$126,$14,$0,$0,$0,$14,$0,$-326,$0,$112,$126,$-26,$2,$3,$5,$0,$0,$4,$0,$3,$-18,$-0,$0,$0,$0,$7,$7,$0,$7,$0,$0,$0,$2,$2,$0,$0,$2,$-9,$4,$0
30,2011-03-31,6.19,$15.37,0.4,0,0.0,$-19.21,0.0,$-7.00,0.0,$0.14B,$0.01B,13.95,$0.00B,$0.13B,0.0,$0.00B,0,nan%,$0.00B,$-0.06B,inf%,$0.00B,$-0.06B,inf%,$0.00B,$-0.06B,inf%,$0.00B,$-0.07B,inf%,$0.00B,$-0.06B,inf%,$-0.06B,$0.13B,-42.73%,$-0.06B,$0.13B,-42.73%,$-0.06B,$0.14B,-35.80%,$-0.06B,$0.13B,-41.52%,$0,$0,$0,$4,$5,$10,$-10,$0,$-10,$0,$-10,$-10,$-10,$-10,$-10,$8,8,$-1.20,$-1.20,$130,$3,$0,$135,$0,$0,$0,$0,$0,$136,$10,$0,$0,$0,$10,$0,$-310,$0,$126,$136,$-10,$0,$2,$2,$0,$0,$-1,$-0,$-2,$-10,$0,$0,$0,$0,$3,$3,$0,$3,$0,$0,$0,$2,$2,$0,$0,$2,$-6,$2,$0
31,2010-12-31,9.37,$16.18,0.58,0,0.0,$-19.56,0.0,$-8.10,0.0,$0.14B,$0.01B,11.73,$0.00B,$0.13B,0.0,$0.00B,0,nan%,$0.00B,$-0.07B,inf%,$0.00B,$-0.07B,inf%,$0.00B,$-0.06B,inf%,$0.00B,$-0.08B,inf%,$0.00B,$-0.07B,inf%,$-0.07B,$0.13B,-45.58%,$-0.07B,$0.13B,-45.58%,$-0.07B,$0.14B,-37.12%,$-0.07B,$0.13B,-40.44%,$0,$0,$0,$6,$7,$13,$-13,$-6,$-19,$0,$-19,$-19,$-7,$-11,$-13,$8,8,$-0.80,$-0.80,$139,$3,$0,$144,$0,$0,$0,$0,$0,$144,$12,$0,$0,$0,$12,$0,$-300,$0,$132,$144,$-75,$2,$15,$16,$0,$-3,$-6,$3,$-5,$-64,$-0,$0,$0,$0,$63,$63,$22,$85,$-23,$0,$-23,$4,$4,$0,$-5,$-24,$-3,$6,$0
32,2010-09-30,6.69,$16.65,0.4,$-0.66,0.0,$-23.38,0.0,$-8.90,0.0,$0.17B,$0.02B,8.33,$0.02B,$0.14B,0.11,$-0.01B,$-0.01B,100.00%,$-0.01B,$-0.07B,1150.00%,$-0.01B,$-0.07B,1150.00%,$-0.01B,$-0.08B,1250.00%,$-0.01B,$-0.08B,1250.00%,$-0.01B,$-0.07B,1216.67%,$-0.07B,$0.14B,-45.41%,$-0.07B,$0.14B,-45.41%,$-0.07B,$0.18B,-36.14%,$-0.07B,$0.15B,-38.71%,$0,$0,$0,$10,$7,$17,$-17,$-1,$-18,$0,$-18,$-18,$-18,$-17,$-17,$8,8,$-2.20,$-2.20,$158,$2,$0,$170,$0,$0,$0,$0,$6,$176,$20,$15,$0,$20,$41,$0,$-294,$0,$135,$176,$-56,$0,$5,$6,$0,$-2,$-3,$2,$-0,$-51,$-0,$0,$0,$0,$37,$37,$-0,$37,$0,$0,$0,$2,$2,$0,$-0,$2,$-11,$5,$0
33,2010-06-30,9.6,$18.54,0.52,$-0.66,0.0,$-27.65,0.0,$-9.70,0.0,$0.19B,$0.02B,8.85,$0.02B,$0.15B,0.13,$-0.01B,$-0.01B,100.00%,$-0.01B,$-0.07B,1216.67%,$-0.01B,$-0.07B,1216.67%,$-0.01B,$-0.08B,1316.67%,$-0.01B,$-0.08B,1300.00%,$-0.01B,$-0.08B,1266.67%,$-0.08B,$0.15B,-43.00%,$-0.08B,$0.15B,-43.00%,$-0.08B,$0.19B,-34.78%,$-0.07B,$0.17B,-37.34%,$0,$0,$0,$14,$7,$20,$-20,$-1,$-22,$0,$-22,$-22,$-23,$-20,$-20,$8,8,$-2.80,$-2.80,$175,$3,$0,$185,$5,$0,$0,$1,$6,$192,$21,$20,$0,$20,$41,$0,$-276,$0,$150,$192,$-38,$0,$4,$4,$0,$-0,$-4,$1,$1,$-33,$-0,$0,$0,$0,$3,$3,$-0,$3,$0,$0,$0,$1,$1,$0,$-0,$1,$-29,$3,$0
34,2010-03-31,8.73,$21.10,0.41,$1.44,6.04,$-30.88,0.0,$-8.80,0.0,$0.20B,$0.02B,10.97,$0.02B,$0.17B,0.12,$0.01B,$0.01B,66.67%,$0.01B,$-0.07B,-733.33%,$0.01B,$-0.07B,-733.33%,$0.01B,$-0.07B,-800.00%,$0.01B,$-0.07B,-766.67%,$0.01B,$-0.07B,-733.33%,$-0.07B,$0.17B,-39.29%,$-0.07B,$0.17B,-39.29%,$-0.07B,$0.21B,-31.32%,$-0.07B,$0.19B,-35.48%,$0,$0,$0,$10,$5,$15,$-15,$-1,$-17,$0,$-17,$-17,$-19,$-15,$-15,$8,8,$-2.30,$-2.30,$195,$3,$0,$203,$6,$0,$0,$1,$6,$210,$19,$20,$0,$21,$39,$0,$-253,$0,$171,$210,$-17,$0,$4,$4,$0,$0,$-2,$2,$-0,$-13,$-0,$0,$0,$0,$-14,$-14,$-0,$-14,$0,$0,$0,$1,$1,$0,$-0,$1,$-26,$2,$0
35,2009-12-31,9.2,$23.17,0.4,$4.63,1.98,$-32.90,0.0,$-7.50,0.0,$0.22B,$0.02B,9.92,$0.02B,$0.19B,0.08,$0.03B,$0.03B,83.87%,$0.03B,$-0.06B,-183.87%,$0.03B,$-0.06B,-183.87%,$0.03B,$-0.06B,-203.23%,$0.03B,$-0.06B,-190.32%,$0.03B,$-0.05B,-174.19%,$-0.05B,$0.19B,-34.45%,$-0.05B,$0.19B,-34.45%,$-0.05B,$0.23B,-26.54%,$-0.06B,$0.20B,-32.95%,$-6,$0,$-6,$14,$4,$17,$-17,$-1,$-18,$-2,$-16,$-16,$-13,$-23,$-17,$8,8,$-1.60,$-1.60,$207,$0,$0,$223,$0,$0,$0,$0,$7,$230,$23,$15,$0,$21,$43,$0,$-234,$-0,$187,$230,$-53,$0,$0,$1,$0,$0,$-7,$-34,$-43,$-96,$-0,$0,$0,$0,$-43,$-43,$-0,$-43,$9,$0,$9,$105,$105,$0,$-0,$114,$-25,$4,$0
36,2009-09-30,10.42,$24.70,0.42,$9.45,1.1,$-30.57,0.0,$-6.90,0.0,$0.24B,$0.02B,10.47,$0.02B,$0.20B,0.1,$0.07B,$0.06B,86.36%,$0.07B,$-0.04B,-65.15%,$0.07B,$-0.04B,-65.15%,$0.07B,$-0.04B,-66.67%,$0.07B,$-0.05B,-72.73%,$0.07B,$-0.05B,-72.73%,$-0.05B,$0.20B,-33.63%,$-0.05B,$0.20B,-33.63%,$-0.05B,$0.24B,-24.24%,$-0.04B,$0.22B,-27.22%,$0,$0,$0,$17,$3,$21,$-21,$-1,$-21,$0,$-21,$-21,$-21,$-21,$-21,$7,7,$-3.00,$-3.00,$227,$3,$0,$236,$6,$0,$0,$1,$7,$242,$23,$20,$0,$21,$44,$0,$-221,$0,$199,$242,$-38,$0,$1,$1,$0,$0,$-9,$-31,$-39,$-76,$-0,$0,$0,$0,$24,$24,$-0,$24,$9,$0,$9,$105,$105,$0,$-0,$114,$62,$3,$0
37,2009-06-30,6.08,$16.42,0.37,$13.20,0.46,$-27.24,0.0,$-3.90,0.0,$0.15B,$0.03B,5.48,$0.02B,$0.12B,0.15,$0.09B,$0.08B,87.91%,$0.09B,$-0.02B,-20.88%,$0.09B,$-0.02B,-20.88%,$0.09B,$-0.02B,-21.98%,$0.09B,$-0.03B,-29.67%,$0.09B,$-0.03B,-29.67%,$-0.03B,$0.12B,-21.30%,$-0.03B,$0.12B,-21.30%,$-0.03B,$0.16B,-14.01%,$-0.02B,$0.13B,-13.67%,$15,$3,$12,$20,$5,$28,$-13,$-0,$-13,$0,$-13,$-13,$-13,$-13,$-13,$7,7,$-1.90,$-1.90,$144,$3,$0,$154,$6,$0,$0,$1,$7,$161,$28,$17,$0,$18,$46,$0,$-200,$0,$115,$161,$-20,$1,$3,$4,$1,$-0,$-8,$-31,$-35,$-51,$-0,$0,$0,$0,$6,$6,$0,$6,$6,$0,$6,$1,$1,$0,$0,$7,$-38,$3,$0
38,2009-03-31,4.32,$18.06,0.24,$15.18,0.28,$-25.37,0.0,$-1.40,0.0,$0.17B,$0.04B,4.24,$0.01B,$0.13B,0.11,$0.10B,$0.09B,89.11%,$0.10B,$-0.00B,-2.97%,$0.10B,$-0.00B,-2.97%,$0.10B,$-0.00B,-3.96%,$0.10B,$-0.01B,-9.90%,$0.10B,$-0.01B,-9.90%,$-0.01B,$0.13B,-8.66%,$-0.01B,$0.13B,-8.66%,$-0.01B,$0.18B,-5.12%,$-0.00B,$0.14B,-2.40%,$22,$3,$20,$20,$5,$28,$-6,$-1,$-7,$0,$-7,$-7,$-7,$-6,$-6,$7,7,$-1.00,$-1.00,$165,$3,$0,$174,$6,$1,$0,$1,$8,$181,$41,$14,$0,$15,$56,$0,$-187,$0,$126,$181,$-7,$0,$2,$2,$3,$-0,$-3,$-22,$-21,$-25,$-0,$0,$0,$0,$-1,$-1,$0,$-1,$2,$0,$2,$0,$0,$0,$0,$3,$-23,$1,$0
39,2008-12-31,5.32,$18.83,0.28,$15.84,0.34,$-24.04,0.0,$-1.60,0.0,$0.20B,$0.06B,3.11,$0.01B,$0.13B,0.09,$0.10B,$0.09B,88.24%,$0.10B,$-0.01B,-4.90%,$0.10B,$-0.01B,-4.90%,$0.10B,$-0.01B,-4.90%,$0.10B,$-0.01B,-9.80%,$0.10B,$-0.01B,-9.80%,$-0.01B,$0.13B,-10.26%,$-0.01B,$0.13B,-10.26%,$-0.01B,$0.21B,-5.12%,$-0.01B,$0.14B,-4.77%,$29,$4,$25,$23,$6,$32,$-3,$-3,$-7,$-0,$-7,$-7,$-7,$-4,$-3,$7,7,$-1.00,$-1.00,$188,$3,$0,$199,$7,$1,$0,$1,$9,$208,$64,$11,$0,$12,$76,$0,$-180,$0,$131,$208,$-9,$0,$13,$13,$0,$0,$8,$-82,$-68,$-64,$-0,$0,$0,$0,$10,$10,$-0,$10,$6,$0,$6,$76,$76,$0,$-0,$82,$28,$4,$0
40,2008-09-30,7.94,$19.41,0.41,$16.79,0.47,$6.30,1.26,$1.10,7.22,$0.21B,$0.08B,2.76,$0.01B,$0.14B,0.06,$0.10B,$0.09B,88.35%,$0.10B,$0.01B,7.77%,$0.10B,$0.01B,7.77%,$0.10B,$0.01B,8.74%,$0.10B,$0.01B,7.77%,$0.10B,$0.01B,6.80%,$0.01B,$0.14B,8.78%,$0.01B,$0.14B,8.78%,$0.01B,$0.22B,3.62%,$0.01B,$0.14B,9.36%,$25,$3,$23,$16,$5,$23,$3,$-3,$0,$0,$0,$0,$0,$3,$3,$7,7,$0.00,$0.00,$201,$3,$0,$210,$7,$3,$0,$1,$11,$221,$76,$9,$0,$10,$86,$0,$-173,$-1,$135,$221,$-3,$1,$9,$10,$2,$-1,$2,$-61,$-54,$-48,$-0,$0,$0,$0,$28,$28,$0,$28,$3,$0,$3,$75,$75,$0,$0,$78,$58,$4,$0
41,2008-06-30,6.68,$11.47,0.58,$16.24,0.41,$35.85,0.19,$1.30,5.14,$0.16B,$0.10B,1.7,$0.01B,$0.07B,0.08,$0.10B,$0.08B,86.60%,$0.10B,$0.01B,9.28%,$0.10B,$0.01B,9.28%,$0.10B,$0.01B,10.31%,$0.10B,$0.01B,14.43%,$0.10B,$0.01B,8.25%,$0.01B,$0.07B,13.85%,$0.01B,$0.07B,13.85%,$0.01B,$0.17B,4.22%,$0.01B,$0.08B,14.34%,$25,$3,$22,$15,$4,$23,$3,$1,$4,$0,$4,$4,$4,$3,$3,$6,6,$0.60,$0.60,$152,$3,$0,$162,$7,$3,$0,$1,$11,$172,$95,$6,$0,$7,$103,$0,$-173,$-0,$70,$172,$-4,$1,$4,$5,$1,$-0,$3,$-40,$-35,$-34,$-0,$0,$0,$0,$52,$52,$0,$52,$1,$0,$1,$10,$10,$0,$0,$11,$29,$3,$0
42,2008-03-31,6.03,$9.22,0.65,$12.86,0.47,$41.19,0.15,$-0.40,0.0,$0.17B,$0.11B,1.55,$0.01B,$0.05B,0.09,$0.08B,$0.06B,82.89%,$0.08B,$-0.00B,-1.32%,$0.08B,$-0.00B,-1.32%,$0.08B,0,0.00%,$0.08B,$0.00B,3.95%,$0.08B,$-0.00B,-3.95%,$-0.00B,$0.05B,-5.85%,$-0.00B,$0.05B,-5.85%,$-0.00B,$0.18B,-1.83%,$-0.00B,$0.06B,-1.78%,$23,$3,$20,$23,$4,$30,$-8,$1,$-7,$0,$-7,$-7,$-7,$-7,$-8,$6,6,$-1.20,$-1.20,$162,$3,$0,$170,$7,$3,$0,$1,$11,$181,$109,$5,$0,$17,$126,$0,$-177,$-0,$54,$181,$-7,$0,$3,$3,$3,$-1,$6,$-20,$-9,$-13,$-0,$0,$0,$0,$29,$29,$0,$29,$-0,$0,$-0,$0,$0,$0,$0,$0,$16,$1,$0
43,2007-12-31,5.18,$10.22,0.51,$9.30,0.56,$42.72,0.12,$-0.50,0.0,$0.19B,$0.10B,1.89,$0.01B,$0.06B,0.08,$0.06B,$0.04B,76.36%,$0.06B,$-0.00B,-1.82%,$0.06B,$-0.00B,-1.82%,$0.06B,$-0.00B,-1.82%,$0.06B,$0.00B,5.45%,$0.06B,$-0.00B,-5.45%,$-0.00B,$0.06B,-6.00%,$-0.00B,$0.06B,-6.00%,$-0.00B,$0.20B,-2.19%,$-0.00B,$0.07B,-1.82%,$30,$4,$26,$11,$5,$20,$10,$1,$11,$1,$10,$10,$10,$10,$10,$6,6,$1.80,$1.80,$180,$3,$0,$191,$7,$0,$0,$1,$8,$199,$101,$5,$0,$38,$139,$0,$-170,$-0,$60,$199,$-2,$1,$4,$5,$0,$0,$6,$112,$121,$124,$-0,$0,$0,$-68,$-60,$-129,$0,$-129,$-6,$0,$-6,$3,$3,$0,$2,$-2,$-7,$4,$0
44,2007-09-30,4.96,$8.04,0.62,$5.93,0.84,$17.42,0.28,$-2.40,0.0,$0.18B,$0.10B,1.82,$0.01B,$0.05B,0.11,$0.03B,$0.02B,63.64%,$0.03B,$-0.01B,-36.36%,$0.03B,$-0.01B,-36.36%,$0.03B,$-0.01B,-36.36%,$0.03B,$-0.01B,-27.27%,$0.03B,$-0.01B,-42.42%,$-0.01B,$0.05B,-29.02%,$-0.01B,$0.05B,-29.02%,$-0.01B,$0.21B,-13.15%,$-0.01B,$0.05B,-21.82%,$19,$3,$16,$9,$4,$15,$4,$2,$6,$4,$1,$1,$1,$4,$4,$6,6,$0.20,$0.20,$173,$3,$0,$182,$8,$16,$0,$1,$25,$206,$100,$5,$0,$59,$159,$0,$-180,$0,$47,$206,$-13,$1,$2,$3,$3,$-0,$3,$134,$144,$134,$-0,$0,$0,$0,$-14,$-14,$0,$-14,$-6,$0,$-6,$3,$3,$0,$0,$-4,$117,$3,$0
45,2007-06-30,5.23,$7.47,0.7,$3.55,1.47,$-8.91,0.0,$-3.90,0.0,$0.06B,$0.02B,3.16,$0.01B,$0.04B,0.12,$0.02B,$0.01B,33.33%,$0.02B,$-0.02B,-122.22%,$0.02B,$-0.02B,-122.22%,$0.02B,$-0.02B,-122.22%,$0.02B,$-0.02B,-116.67%,$0.02B,$-0.02B,-116.67%,$-0.02B,$0.04B,-50.60%,$-0.02B,$0.04B,-50.60%,$-0.02B,$0.07B,-31.82%,$-0.02B,$0.05B,-44.22%,$4,$3,$1,$4,$4,$11,$-7,$1,$-7,$0,$-7,$-7,$-7,$-7,$-7,$6,6,$-1.10,$-1.10,$53,$3,$0,$62,$8,$0,$0,$1,$9,$70,$20,$5,$0,$7,$27,$0,$-182,$-0,$44,$70,$-14,$1,$2,$3,$2,$-0,$0,$9,$10,$-1,$-0,$0,$0,$0,$0,$0,$0,$0,$-6,$0,$-6,$2,$2,$0,$0,$-5,$-5,$2,$0
46,2007-03-31,5.13,$8.33,0.62,$3.63,1.41,$-11.04,0.0,$-4.00,0.0,$0.06B,$0.02B,3.99,$0.01B,$0.05B,0.11,$0.02B,$0.01B,33.33%,$0.02B,$-0.02B,-116.67%,$0.02B,$-0.02B,-116.67%,$0.02B,$-0.02B,-116.67%,$0.02B,$-0.02B,-111.11%,$0.02B,$-0.02B,-111.11%,$-0.02B,$0.05B,-54.42%,$-0.02B,$0.05B,-54.42%,$-0.02B,$0.07B,-32.79%,$-0.02B,$0.05B,-45.16%,$2,$3,$-1,$3,$4,$10,$-8,$1,$-7,$0,$-7,$-7,$-7,$-8,$-8,$6,6,$-1.30,$-1.30,$56,$3,$1,$63,$8,$0,$0,$1,$9,$72,$16,$5,$0,$7,$23,$0,$-175,$-0,$49,$72,$-7,$0,$1,$1,$3,$-0,$-0,$0,$2,$-4,$-0,$0,$0,$0,$2,$2,$0,$2,$0,$0,$0,$1,$1,$0,$0,$1,$-1,$1,$0
47,2006-12-31,3.62,$9.14,0.4,$3.62,1.0,$-10.95,0.0,$-4.70,0.0,$0.07B,$0.01B,6.05,$0.01B,$0.05B,0.22,$0.02B,$0.01B,29.41%,$0.02B,$-0.02B,-129.41%,$0.02B,$-0.02B,-129.41%,$0.02B,$-0.02B,-129.41%,$0.02B,$-0.02B,-129.41%,$0.02B,$-0.02B,-129.41%,$-0.02B,$0.05B,-75.86%,$-0.02B,$0.05B,-75.86%,$-0.02B,$0.08B,-40.55%,$-0.02B,$0.07B,-54.66%,$8,$3,$5,$2,$4,$9,$-1,$0,$-1,$0,$-1,$-1,$-1,$-1,$-1,$5,5,$0.00,$0.00,$59,$3,$0,$69,$9,$0,$0,$1,$9,$78,$11,$11,$0,$14,$25,$0,$-169,$-0,$53,$78,$-22,$1,$3,$4,$3,$0,$-2,$0,$-2,$-20,$-0,$0,$0,$0,$-9,$-9,$-1,$-11,$6,$0,$6,$46,$46,$0,$0,$53,$22,$2,$0
