,Date,Stock Price,Book Value per Share,Price to Book Ratio,TTM Sales per Share,Price to Sales Ratio,TTM FCF per Share,Price to FCF Ratio,TTM Net EPS,PE Ratio,Current Assets,Current Liabilities,Current Ratio,Long Term Debt,Shareholder's Equity_x,Debt to Equity Ratio,TTM Revenue_x,TTM Gross Profit,Gross Margin,TTM Revenue_y,TTM Operating Income,Operating Margin,TTM Revenue_x,TTM EBIT,EBIT Margin,TTM Revenue_y,TTM EBITDA,EBITDA Margin,TTM Revenue_x,TTM Pre-Tax Income,Pre-Tax Margin,TTM Revenue_y,TTM Net Income_x,Net Margin,TTM Net Income_y,Shareholder's Equity_y,Return on Equity,TTM Net Income_x,Tangible Equity,Return on Tangible Equity,TTM Net Income_y,Total Assets,Return on Assets,TTM Net Income,LT Investments & Debt,Return on Investment,revenue,cost-goods-sold,gross-profit,research-development-expenses,selling-general-administrative-expenses,operating-expenses,operating-income,total-non-operating-income-expense,pre-tax-income,total-provision-income-taxes,income-after-taxes,income-from-continuous-operations,net-income,ebitda,ebit,basic-shares-outstanding,shares-outstanding,eps-basic-net-earnings-per-share,eps-earnings-per-share-diluted,cash-on-hand,inventory,other-current-assets,total-current-assets,net-property-plant-equipment,long-term-investments,goodwill-intangible-assets-total,other-long-term-assets,total-long-term-assets,total-assets,total-current-liabilities,long-term-debt,other-non-current-liabilities,total-long-term-liabilities,total-liabilities,common-stock-net,retained-earnings-accumulated-deficit,comprehensive-income,total-share-holder-equity,total-liabilities-share-holders-equity,net-income-loss,total-depreciation-amortization-cash-flow,other-non-cash-items,total-non-cash-items,change-in-accounts-receivable,change-in-inventories,change-in-accounts-payable,change-in-assets-liabilities,total-change-in-assets-liabilities,cash-flow-from-operating-activities,net-change-in-property-plant-equipment,net-change-in-intangible-assets,net-acquisitions-divestitures,net-change-in-short-term-investments,net-change-in-long-term-investments,net-change-in-investments-total,investing-activities-other,cash-flow-from-investing-activities,net-long-term-debt,net-current-debt,debt-issuance-retirement-net-total,net-common-equity-issued-repurchased,net-total-equity-issued-repurchased,total-common-preferred-stock-dividends-paid,financial-activities-other,cash-flow-from-financial-activities,net-cash-flow,stock-based-compensation,common-stock-dividends-paid
0,2018-09-30,18.92,$2.03,9.32,$0.41,45.92,$-0.09,0.0,$-1.83,0.0,$0.18B,$0.03B,6.08,$0.00B,$0.07B,0.0,$0.01B,$0.01B,100.00%,$0.01B,$-0.08B,-666.67%,$0.01B,$-0.08B,-666.67%,$0.01B,$-0.08B,-666.67%,$0.01B,$-0.08B,-650.00%,$0.01B,$-0.08B,-650.00%,$-0.08B,$0.07B,-82.11%,$-0.08B,$0.07B,-82.11%,$-0.08B,$0.20B,-37.55%,$-0.08B,$0.07B,-84.21%,$2,$0,$2,$17,$7,$23,$-21,$1,$-20,$0,$-20,$-20,$-20,$-21,$-21,$32,32,$-0.63,$-0.63,$180,$0,$0,$182,$13,$1,$0,$1,$15,$197,$30,$0,$1,$101,$131,$0,$-247,$-0,$66,$197,$-66,$-0,$14,$14,$0,$0,$0,$63,$60,$8,$-4,$0,$0,$0,$2,$2,$0,$-2,$0,$0,$0,$4,$4,$0,$0,$4,$11,$13,$0
1,2018-06-30,19.54,$2.56,7.64,$0.39,50.0,$-2.16,0.0,$-2.72,0.0,$0.20B,$0.03B,6.88,$0.00B,$0.08B,0.0,$0.01B,$0.01B,100.00%,$0.01B,$-0.08B,-745.45%,$0.01B,$-0.08B,-745.45%,$0.01B,$-0.08B,-745.45%,$0.01B,$-0.08B,-736.36%,$0.01B,$-0.08B,-736.36%,$-0.08B,$0.08B,-81.20%,$-0.08B,$0.08B,-81.20%,$-0.08B,$0.22B,-41.81%,$-0.08B,$0.08B,-82.21%,$3,$0,$3,$17,$12,$28,$-26,$0,$-26,$0,$-26,$-26,$-26,$-26,$-26,$32,32,$-0.80,$-0.80,$196,$0,$0,$200,$12,$1,$0,$1,$14,$215,$29,$0,$1,$104,$133,$0,$-226,$-0,$82,$215,$-45,$0,$11,$11,$0,$0,$1,$64,$61,$26,$-3,$0,$0,$0,$2,$2,$0,$-1,$0,$0,$0,$3,$3,$0,$0,$3,$28,$10,$0
2,2018-03-31,18.79,$3.08,6.1,$0.36,52.83,$-4.19,0.0,$-2.65,0.0,$0.22B,$0.03B,7.13,$0.00B,$0.10B,0.0,$0.01B,$0.01B,100.00%,$0.01B,$-0.08B,-833.33%,$0.01B,$-0.08B,-833.33%,$0.01B,$-0.07B,-822.22%,$0.01B,$-0.07B,-822.22%,$0.01B,$-0.07B,-822.22%,$-0.07B,$0.10B,-70.14%,$-0.07B,$0.10B,-70.14%,$-0.07B,$0.24B,-41.23%,$-0.08B,$0.10B,-71.09%,$1,$0,$1,$15,$7,$22,$-21,$1,$-20,$-0,$-20,$-20,$-20,$-21,$-21,$32,32,$-0.63,$-0.63,$218,$0,$0,$221,$11,$1,$0,$2,$14,$235,$31,$0,$1,$106,$137,$0,$-201,$-0,$98,$235,$-20,$0,$2,$2,$0,$0,$0,$68,$66,$49,$-2,$0,$0,$0,$60,$60,$0,$58,$0,$0,$0,$2,$2,$0,$0,$2,$109,$2,$0
3,2017-12-31,16.6,$4.25,3.91,$0.38,43.37,$-6.34,0.0,$-2.67,0.0,$0.17B,$0.02B,10.81,$0.00B,$0.13B,0.0,$0.01B,$0.01B,100.00%,$0.01B,$-0.07B,-800.00%,$0.01B,$-0.07B,-800.00%,$0.01B,$-0.07B,-777.78%,$0.01B,$-0.07B,-788.89%,$0.01B,$-0.07B,-788.89%,$-0.07B,$0.13B,-63.53%,$-0.07B,$0.13B,-63.53%,$-0.07B,$0.18B,-43.16%,$-0.07B,$0.13B,-64.43%,$6,$0,$6,$13,$5,$19,$-12,$1,$-12,$0,$-12,$-12,$-12,$-12,$-12,$27,27,$-0.37,$-0.37,$169,$0,$0,$172,$10,$1,$0,$1,$13,$184,$16,$0,$1,$35,$50,$0,$-161,$-0,$134,$184,$-71,$2,$9,$11,$0,$0,$0,$-7,$-2,$-61,$-4,$0,$0,$0,$0,$0,$0,$-4,$0,$0,$0,$2,$60,$0,$0,$60,$-5,$9,$0
4,2017-09-30,20.59,$3.25,6.34,$0.24,86.02,$-5.78,0.0,$-2.84,0.0,$0.13B,$0.02B,6.12,$0.00B,$0.09B,0.0,$0.01B,$0.01B,100.00%,$0.01B,$-0.07B,-1480.00%,$0.01B,$-0.07B,-1480.00%,$0.01B,$-0.07B,-1440.00%,$0.01B,$-0.07B,-1460.00%,$0.01B,$-0.07B,-1480.00%,$-0.07B,$0.09B,-65.92%,$-0.07B,$0.09B,-65.92%,$-0.07B,$0.14B,-44.58%,$-0.07B,$0.09B,-65.92%,$1,$0,$1,$20,$5,$25,$-23,$0,$-23,$0,$-23,$-23,$-23,$-23,$-23,$26,26,$-0.89,$-0.89,$126,$0,$0,$128,$11,$1,$0,$1,$13,$141,$21,$0,$1,$35,$56,$0,$-149,$-0,$85,$141,$-59,$1,$7,$9,$0,$0,$0,$-1,$4,$-47,$-4,$0,$0,$0,$60,$60,$0,$56,$0,$0,$0,$2,$2,$0,$0,$2,$12,$7,$0
5,2017-06-30,8.96,$4.05,2.21,$0.33,27.5,$-5.06,0.0,$-2.30,0.0,$0.15B,$0.01B,12.23,$0.00B,$0.11B,0.0,$0.01B,$0.01B,100.00%,$0.01B,$-0.06B,-871.43%,$0.01B,$-0.06B,-871.43%,$0.01B,$-0.06B,-842.86%,$0.01B,$-0.06B,-842.86%,$0.01B,$-0.06B,-857.14%,$-0.06B,$0.11B,-46.78%,$-0.06B,$0.11B,-46.78%,$-0.06B,$0.16B,-33.10%,$-0.06B,$0.11B,-47.56%,$1,$0,$1,$15,$5,$20,$-19,$-0,$-19,$0,$-19,$-19,$-19,$-18,$-19,$26,26,$-0.73,$-0.73,$141,$0,$0,$145,$11,$1,$0,$2,$14,$158,$12,$0,$1,$41,$53,$0,$-126,$0,$105,$158,$-36,$1,$4,$5,$0,$0,$-0,$-0,$0,$-31,$-3,$0,$0,$0,$63,$63,$0,$59,$0,$0,$0,$1,$1,$0,$0,$1,$30,$4,$0
6,2017-03-31,13.24,$4.75,2.79,$0.43,30.94,$-4.54,0.0,$-1.94,0.0,$0.16B,$0.01B,14.56,$0.00B,$0.12B,0.0,$0.01B,$0.01B,100.00%,$0.01B,$-0.05B,-520.00%,$0.01B,$-0.05B,-520.00%,$0.01B,$-0.05B,-500.00%,$0.01B,$-0.05B,-490.00%,$0.01B,$-0.05B,-500.00%,$-0.05B,$0.12B,-35.46%,$-0.05B,$0.12B,-35.46%,$-0.05B,$0.18B,-25.74%,$-0.05B,$0.12B,-36.88%,$1,$0,$1,$14,$5,$19,$-18,$1,$-17,$-0,$-17,$-17,$-17,$-17,$-18,$26,26,$-0.65,$-0.65,$158,$0,$0,$161,$10,$2,$0,$2,$14,$175,$11,$0,$1,$41,$52,$0,$-107,$0,$123,$175,$-17,$0,$3,$3,$0,$0,$0,$-1,$-1,$-14,$-3,$0,$0,$0,$24,$24,$0,$21,$0,$0,$0,$1,$1,$0,$0,$1,$7,$2,$0
7,2016-12-31,12.74,$5.31,2.4,$0.56,22.6,$-4.27,0.0,$-1.58,0.0,$0.18B,$0.01B,12.95,$0.00B,$0.14B,0.0,$0.01B,$0.01B,100.00%,$0.01B,$-0.04B,-292.86%,$0.01B,$-0.04B,-292.86%,$0.01B,$-0.04B,-285.71%,$0.01B,$-0.04B,-278.57%,$0.01B,$-0.04B,-285.71%,$-0.04B,$0.14B,-26.45%,$-0.04B,$0.14B,-26.45%,$-0.04B,$0.19B,-19.46%,$-0.04B,$0.14B,-27.11%,$2,$0,$2,$13,$3,$16,$-14,$-0,$-14,$0,$-15,$-15,$-15,$-14,$-14,$25,25,$-0.58,$-0.58,$174,$0,$0,$179,$8,$1,$0,$2,$11,$190,$14,$0,$0,$40,$54,$0,$-90,$-0,$136,$190,$-40,$1,$8,$10,$0,$0,$-0,$-14,$-12,$-42,$-5,$0,$0,$0,$53,$53,$-0,$47,$0,$0,$0,$1,$1,$0,$0,$1,$5,$6,$0
8,2016-09-30,12.01,$5.87,2.05,$1.65,7.29,$7.22,1.66,$-1.68,0.0,$0.19B,$0.02B,9.96,$0.00B,$0.15B,0.0,$0.02B,$0.02B,100.00%,$0.02B,$-0.03B,-200.00%,$0.02B,$-0.03B,-200.00%,$0.02B,$-0.03B,-194.12%,$0.02B,$-0.03B,-188.24%,$0.02B,$-0.03B,-200.00%,$-0.03B,$0.15B,-21.32%,$-0.03B,$0.15B,-21.32%,$-0.03B,$0.20B,-15.80%,$-0.03B,$0.15B,-21.32%,$3,$0,$3,$10,$3,$14,$-10,$1,$-9,$-0,$-9,$-9,$-9,$-10,$-10,$25,25,$-0.35,$-0.35,$191,$0,$0,$193,$4,$2,$0,$2,$9,$202,$19,$0,$0,$33,$53,$0,$-75,$1,$149,$202,$-26,$1,$5,$6,$0,$0,$0,$-12,$-10,$-29,$-1,$0,$0,$0,$63,$63,$-0,$61,$0,$0,$0,$0,$0,$0,$0,$0,$32,$5,$0
