,Date,Stock Price,Book Value per Share,Price to Book Ratio,TTM Sales per Share,Price to Sales Ratio,TTM FCF per Share,Price to FCF Ratio,TTM Net EPS,PE Ratio,Current Assets,Current Liabilities,Current Ratio,Long Term Debt,Shareholder's Equity_x,Debt to Equity Ratio,TTM Revenue_x,TTM Gross Profit,Gross Margin,TTM Revenue_y,TTM Operating Income,Operating Margin,TTM Revenue_x,TTM EBIT,EBIT Margin,TTM Revenue_y,TTM EBITDA,EBITDA Margin,TTM Revenue_x,TTM Pre-Tax Income,Pre-Tax Margin,TTM Revenue_y,TTM Net Income_x,Net Margin,TTM Net Income_y,Shareholder's Equity_y,Return on Equity,TTM Net Income_x,Tangible Equity,Return on Tangible Equity,TTM Net Income_y,Total Assets,Return on Assets,TTM Net Income,LT Investments & Debt,Return on Investment,revenue,cost-goods-sold,gross-profit,research-development-expenses,selling-general-administrative-expenses,operating-expenses,operating-income,total-non-operating-income-expense,pre-tax-income,total-provision-income-taxes,income-after-taxes,income-from-continuous-operations,net-income,ebitda,ebit,basic-shares-outstanding,shares-outstanding,eps-basic-net-earnings-per-share,eps-earnings-per-share-diluted,cash-on-hand,inventory,other-current-assets,total-current-assets,net-property-plant-equipment,long-term-investments,goodwill-intangible-assets-total,other-long-term-assets,total-long-term-assets,total-assets,total-current-liabilities,long-term-debt,other-non-current-liabilities,total-long-term-liabilities,total-liabilities,common-stock-net,retained-earnings-accumulated-deficit,comprehensive-income,total-share-holder-equity,total-liabilities-share-holders-equity,net-income-loss,total-depreciation-amortization-cash-flow,other-non-cash-items,total-non-cash-items,change-in-accounts-receivable,change-in-inventories,change-in-accounts-payable,change-in-assets-liabilities,total-change-in-assets-liabilities,cash-flow-from-operating-activities,net-change-in-property-plant-equipment,net-change-in-intangible-assets,net-acquisitions-divestitures,net-change-in-short-term-investments,net-change-in-long-term-investments,net-change-in-investments-total,investing-activities-other,cash-flow-from-investing-activities,net-long-term-debt,net-current-debt,debt-issuance-retirement-net-total,net-common-equity-issued-repurchased,net-total-equity-issued-repurchased,total-common-preferred-stock-dividends-paid,financial-activities-other,cash-flow-from-financial-activities,net-cash-flow,stock-based-compensation,common-stock-dividends-paid
0,2018-09-30,56.89,$23.51,2.42,$9.72,5.86,$10.41,5.46,$3.85,14.78,$17.28B,$18.93B,0.91,$0.36B,$2.49B,0.14,$1.02B,$0.93B,90.62%,$1.02B,$0.49B,48.19%,$1.02B,0,0.00%,$1.02B,0,0.00%,$1.02B,$0.50B,48.39%,$1.02B,$0.41B,39.69%,$0.41B,$2.49B,17.27%,$0.41B,$2.19B,19.80%,$0.41B,$22.18B,1.92%,$0.49B,$2.85B,16.96%,$270,$31,$238,$0,$120,$151,$119,$0,$119,$7,$111,$111,$111,$0,$0,$105,105,$1.06,$1.05,$701,$0,$0,$17283,$119,$3929,$300,$502,$4893,$22176,$18930,$359,$399,$758,$19688,$0,$1166,$-70,$2488,$22176,$317,$35,$26,$61,$-2,$0,$0,$21,$18,$396,$-8,$0,$0,$-0,$-1578,$-1578,$-56,$-1642,$-395,$0,$-395,$1,$1,$0,$1924,$1530,$284,$19,$0
1,2018-06-30,56.61,$22.59,2.51,$9.33,6.06,$9.24,6.12,$3.59,15.77,$16.50B,$18.11B,0.91,$0.44B,$2.39B,0.18,$0.98B,$0.90B,91.85%,$0.98B,$0.49B,50.15%,$0.98B,0,0.00%,$0.98B,0,0.00%,$0.98B,$0.49B,50.36%,$0.98B,$0.38B,38.53%,$0.38B,$2.39B,16.69%,$0.38B,$2.09B,19.24%,$0.38B,$21.37B,1.84%,$0.49B,$2.83B,17.41%,$265,$27,$238,$0,$107,$135,$130,$0,$130,$25,$105,$105,$105,$0,$0,$105,105,$1.00,$0.99,$507,$0,$0,$16498,$115,$3993,$300,$422,$4869,$21367,$18106,$436,$434,$870,$18976,$0,$1055,$-51,$2392,$21367,$206,$23,$3,$26,$-1,$0,$0,$17,$16,$247,$-2,$0,$0,$-0,$-914,$-914,$-23,$-939,$-323,$0,$-323,$1,$1,$0,$1104,$782,$90,$14,$0
2,2018-03-31,58.11,$21.67,2.68,$8.89,6.54,$8.54,6.81,$3.36,17.29,$15.86B,$17.38B,0.91,$0.66B,$2.29B,0.29,$0.93B,$0.87B,92.72%,$0.93B,$0.47B,50.75%,$0.93B,0,0.00%,$0.93B,0,0.00%,$0.93B,$0.48B,50.96%,$0.93B,$0.35B,37.79%,$0.35B,$2.29B,16.18%,$0.35B,$1.99B,18.77%,$0.35B,$20.76B,1.77%,$0.47B,$2.96B,17.38%,$246,$20,$226,$0,$105,$126,$120,$1,$122,$21,$101,$101,$101,$0,$0,$105,105,$0.97,$0.96,$439,$0,$0,$15855,$117,$4023,$300,$438,$4906,$20761,$17376,$664,$427,$1091,$18467,$0,$950,$-42,$2294,$20761,$101,$10,$-3,$7,$-1,$0,$0,$-19,$-20,$88,$-1,$0,$0,$-0,$-339,$-339,$-8,$-347,$-94,$0,$-94,$0,$0,$0,$376,$282,$23,$7,$0
3,2017-12-31,56.62,$21.14,2.68,$8.49,6.67,$8.52,6.65,$3.10,18.26,$15.37B,$17.00B,0.9,$0.77B,$2.23B,0.34,$0.89B,$0.83B,93.15%,$0.89B,$0.45B,50.62%,$0.89B,0,0.00%,$0.89B,0,0.00%,$0.89B,$0.45B,50.73%,$0.89B,$0.33B,36.48%,$0.33B,$2.23B,15.47%,$0.33B,$1.93B,18.06%,$0.33B,$20.33B,1.68%,$0.45B,$3.00B,17.54%,$242,$17,$225,$0,$100,$118,$124,$0,$124,$35,$89,$89,$89,$0,$0,$104,105,$0.85,$0.85,$417,$0,$0,$15371,$119,$4087,$301,$446,$4958,$20329,$16999,$767,$334,$1101,$18099,$0,$848,$-3,$2230,$20329,$325,$30,$116,$146,$-1,$0,$0,$-87,$-88,$384,$-9,$0,$0,$0,$-2931,$-2931,$-15,$-2956,$294,$0,$294,$1,$1,$0,$2409,$2704,$132,$24,$0
4,2017-09-30,53.08,$20.34,2.61,$8.09,6.56,$7.55,7.03,$2.92,18.18,$15.04B,$16.93B,0.89,$0.37B,$2.15B,0.17,$0.85B,$0.79B,93.39%,$0.85B,$0.43B,50.65%,$0.85B,0,0.00%,$0.85B,0,0.00%,$0.85B,$0.42B,50.06%,$0.85B,$0.31B,36.13%,$0.31B,$2.15B,15.17%,$0.31B,$1.84B,17.85%,$0.31B,$19.92B,1.65%,$0.43B,$2.52B,17.82%,$228,$16,$212,$0,$94,$110,$118,$-0,$118,$35,$83,$83,$83,$0,$0,$104,105,$0.79,$0.79,$651,$0,$0,$15036,$120,$3773,$301,$608,$4886,$19922,$16931,$373,$473,$846,$17777,$0,$759,$8,$2146,$19922,$236,$25,$30,$55,$0,$0,$0,$-20,$-20,$271,$-8,$0,$0,$-0,$-2146,$-2146,$2,$-2152,$-96,$0,$-96,$1,$1,$0,$2341,$2246,$366,$18,$0
5,2017-06-30,49.2,$19.53,2.52,$7.78,6.32,$7.00,7.03,$2.77,17.76,$14.47B,$16.06B,0.9,$0.38B,$2.06B,0.18,$0.81B,$0.76B,93.61%,$0.81B,$0.41B,50.37%,$0.81B,0,0.00%,$0.81B,0,0.00%,$0.81B,$0.40B,49.39%,$0.81B,$0.29B,35.63%,$0.29B,$2.06B,14.92%,$0.29B,$1.76B,17.66%,$0.29B,$18.85B,1.63%,$0.41B,$2.43B,17.54%,$218,$14,$203,$0,$91,$105,$112,$-0,$112,$32,$80,$80,$80,$0,$0,$104,105,$0.77,$0.76,$607,$0,$0,$14465,$120,$3283,$302,$587,$4380,$18845,$16064,$375,$347,$722,$16786,$0,$676,$6,$2059,$18845,$153,$17,$17,$35,$0,$0,$0,$-13,$-12,$175,$-5,$0,$0,$-0,$-1238,$-1238,$8,$-1236,$-89,$0,$-89,$1,$1,$0,$1471,$1382,$322,$12,$0
6,2017-03-31,49.09,$18.68,2.63,$7.48,6.57,$6.43,7.64,$2.61,18.81,$14.18B,$15.39B,0.92,$0.37B,$1.97B,0.19,$0.78B,$0.73B,93.84%,$0.78B,$0.39B,50.06%,$0.78B,0,0.00%,$0.78B,0,0.00%,$0.78B,$0.38B,48.52%,$0.78B,$0.27B,34.92%,$0.27B,$1.97B,14.48%,$0.27B,$1.67B,17.26%,$0.27B,$18.12B,1.57%,$0.39B,$2.34B,17.16%,$203,$13,$190,$0,$92,$106,$97,$1,$98,$24,$73,$73,$73,$0,$0,$104,105,$0.71,$0.70,$647,$0,$0,$14182,$120,$2869,$302,$561,$3940,$18123,$15392,$367,$395,$762,$16154,$0,$596,$3,$1969,$18123,$73,$8,$7,$14,$0,$0,$0,$0,$1,$88,$-3,$0,$0,$-0,$-432,$-432,$-1,$-435,$-86,$0,$-86,$0,$0,$0,$796,$710,$363,$6,$0
7,2016-12-31,48.71,$18.00,2.71,$7.17,6.79,$6.28,7.76,$2.51,19.41,$13.37B,$14.59B,0.92,$0.45B,$1.89B,0.24,$0.74B,$0.70B,94.21%,$0.74B,$0.37B,50.34%,$0.74B,0,0.00%,$0.74B,0,0.00%,$0.74B,$0.36B,48.59%,$0.74B,$0.26B,34.99%,$0.26B,$1.89B,14.43%,$0.26B,$1.59B,17.36%,$0.26B,$17.20B,1.57%,$0.37B,$2.34B,17.34%,$198,$12,$186,$0,$83,$96,$102,$-6,$96,$26,$70,$70,$70,$0,$0,$103,104,$0.67,$0.66,$284,$0,$0,$13368,$120,$2955,$303,$360,$3833,$17201,$14592,$448,$270,$718,$15309,$0,$522,$-5,$1892,$17201,$260,$18,$27,$45,$-2,$0,$0,$-21,$-24,$281,$-11,$0,$-1272,$0,$-1590,$-1589,$-18,$-2890,$103,$0,$103,$57,$57,$0,$2510,$2669,$60,$20,$0
8,2016-09-30,37.54,$17.68,2.12,$6.96,5.4,$5.88,6.39,$2.41,15.58,$13.27B,$14.49B,0.92,$0.38B,$1.86B,0.21,$0.71B,$0.67B,94.48%,$0.71B,$0.35B,49.43%,$0.71B,0,0.00%,$0.71B,0,0.00%,$0.71B,$0.34B,48.58%,$0.71B,$0.25B,35.13%,$0.25B,$1.86B,14.37%,$0.25B,$1.55B,17.44%,$0.25B,$17.04B,1.57%,$0.35B,$2.24B,16.94%,$195,$12,$183,$0,$84,$97,$99,$-3,$96,$29,$67,$67,$67,$0,$0,$104,105,$0.65,$0.64,$356,$0,$0,$13267,$121,$2778,$304,$500,$3776,$17043,$14488,$383,$315,$698,$15185,$0,$453,$36,$1857,$17043,$190,$-1,$18,$17,$-2,$0,$0,$10,$7,$214,$-9,$0,$-1272,$-0,$-1271,$-1271,$-16,$-2568,$25,$0,$25,$47,$47,$0,$2413,$2485,$131,$15,$0
9,2016-06-30,32.65,$17.09,1.91,$6.61,4.94,$5.22,6.25,$2.35,13.89,$13.45B,$14.24B,0.95,$0.38B,$1.80B,0.21,$0.67B,$0.63B,94.59%,$0.67B,$0.32B,48.65%,$0.67B,0,0.00%,$0.67B,0,0.00%,$0.67B,$0.32B,48.05%,$0.67B,$0.24B,35.59%,$0.24B,$1.80B,14.29%,$0.24B,$1.49B,17.52%,$0.24B,$16.73B,1.57%,$0.32B,$2.18B,16.02%,$183,$10,$172,$0,$80,$91,$92,$-4,$88,$26,$62,$62,$62,$0,$0,$103,103,$0.60,$0.60,$696,$0,$0,$13452,$121,$2262,$304,$524,$3277,$16729,$14240,$382,$311,$693,$14933,$0,$386,$47,$1796,$16729,$123,$0,$14,$14,$-2,$0,$0,$-20,$-22,$115,$-7,$0,$-1272,$0,$-590,$-590,$-13,$-1881,$20,$0,$20,$47,$47,$0,$2171,$2238,$472,$10,$0
10,2016-03-31,33.38,$16.04,2.08,$6.22,5.36,$5.13,6.5,$2.14,15.6,$12.16B,$13.12B,0.93,$0.21B,$1.66B,0.13,$0.61B,$0.57B,94.55%,$0.61B,$0.29B,48.26%,$0.61B,0,0.00%,$0.61B,0,0.00%,$0.61B,$0.29B,47.11%,$0.61B,$0.21B,35.37%,$0.21B,$1.66B,13.48%,$0.21B,$1.36B,16.67%,$0.21B,$15.25B,1.50%,$0.29B,$1.87B,15.16%,$167,$9,$159,$0,$78,$87,$81,$0,$81,$20,$61,$61,$61,$0,$0,$102,103,$0.60,$0.60,$1037,$0,$0,$12159,$120,$2094,$304,$497,$3089,$15248,$13118,$211,$259,$470,$13588,$0,$324,$33,$1660,$15248,$61,$1,$7,$8,$-3,$0,$0,$5,$2,$71,$-3,$0,$0,$-6,$-142,$-148,$-5,$-156,$-152,$0,$-152,$0,$0,$0,$1042,$891,$806,$5,$0
11,2015-12-31,35.86,$15.44,2.32,$5.92,6.06,$5.26,6.81,$1.99,18.02,$11.24B,$12.07B,0.93,$0.36B,$1.59B,0.23,$0.56B,$0.52B,94.05%,$0.56B,$0.27B,47.75%,$0.56B,0,0.00%,$0.56B,0,0.00%,$0.56B,$0.26B,46.67%,$0.56B,$0.19B,34.77%,$0.19B,$1.59B,13.44%,$0.19B,$1.29B,16.07%,$0.19B,$14.28B,1.46%,$0.27B,$1.95B,14.72%,$161,$8,$153,$0,$75,$83,$77,$0,$78,$19,$59,$59,$58,$0,$0,$95,95,$0.60,$0.59,$225,$0,$0,$11242,$119,$2042,$305,$480,$3033,$14275,$12069,$360,$254,$615,$12684,$0,$263,$22,$1592,$14275,$194,$17,$20,$36,$-1,$0,$0,$-10,$-10,$220,$-11,$0,$342,$0,$-1715,$-1715,$17,$-1366,$-109,$0,$-109,$30,$-40,$-1,$1356,$1206,$60,$26,$0
12,2015-09-30,30.71,$15.48,1.98,$5.58,5.5,$4.82,6.38,$1.88,16.34,$11.00B,$11.66B,0.94,$0.51B,$1.51B,0.34,$0.51B,$0.48B,93.57%,$0.51B,$0.24B,46.98%,$0.51B,0,0.00%,$0.51B,0,0.00%,$0.51B,$0.24B,46.00%,$0.51B,$0.18B,34.11%,$0.18B,$1.58B,13.59%,$0.18B,$1.28B,15.58%,$0.18B,$13.96B,1.42%,$0.24B,$2.09B,14.42%,$155,$9,$146,$0,$71,$81,$74,$-1,$73,$17,$56,$56,$56,$0,$0,$101,102,$0.55,$0.55,$326,$0,$0,$10998,$122,$1993,$306,$459,$2958,$13956,$11664,$507,$201,$708,$12372,$0,$219,$21,$1584,$13956,$136,$2,$-1,$1,$-0,$0,$0,$8,$8,$145,$-12,$0,$342,$-1,$-1320,$-1321,$13,$-977,$56,$0,$56,$2,$2,$-1,$936,$994,$161,$13,$0
13,2015-06-30,33.76,$14.81,2.28,$5.33,6.33,$4.61,7.32,$1.76,19.18,$11.01B,$11.51B,0.96,$0.28B,$1.44B,0.19,$0.47B,$0.44B,93.19%,$0.47B,$0.22B,46.60%,$0.47B,0,0.00%,$0.47B,0,0.00%,$0.47B,$0.22B,46.17%,$0.47B,$0.16B,34.04%,$0.16B,$1.52B,14.00%,$0.16B,$1.22B,15.26%,$0.16B,$13.47B,1.40%,$0.22B,$1.79B,14.68%,$122,$8,$114,$0,$54,$62,$60,$-7,$53,$14,$39,$39,$39,$0,$0,$88,89,$0.44,$0.44,$759,$0,$0,$11005,$116,$1531,$300,$436,$2465,$13470,$11506,$278,$171,$449,$11955,$0,$160,$15,$1515,$13470,$80,$4,$-3,$1,$-0,$0,$0,$8,$8,$89,$-4,$0,$342,$-0,$-436,$-437,$2,$-96,$-128,$0,$-128,$2,$2,$-0,$727,$600,$594,$8,$0
14,2015-03-31,29.64,$11.79,2.51,$5.19,5.72,$4.28,6.92,$1.77,16.75,$9.20B,$9.71B,0.95,$0.32B,$0.98B,0.32,$0.46B,$0.42B,92.76%,$0.46B,$0.21B,45.18%,$0.46B,0,0.00%,$0.46B,0,0.00%,$0.46B,$0.21B,46.27%,$0.46B,$0.16B,34.21%,$0.16B,$1.05B,15.55%,$0.16B,$1.03B,15.96%,$0.16B,$11.25B,1.48%,$0.21B,$1.37B,14.95%,$117,$8,$109,$0,$55,$63,$54,$0,$55,$14,$40,$40,$40,$0,$0,$88,88,$0.46,$0.45,$493,$0,$0,$9200,$114,$1453,$26,$400,$2052,$11252,$9710,$316,$175,$491,$10201,$0,$125,$23,$1051,$11252,$40,$3,$-1,$1,$-0,$0,$0,$31,$31,$73,$-2,$0,$0,$-0,$-337,$-337,$-8,$-347,$-123,$0,$-123,$1,$1,$-0,$724,$602,$328,$4,$0
15,2014-12-31,27.8,$11.29,2.46,$5.05,5.51,$3.93,7.07,$1.67,16.65,$8.45B,$8.99B,0.94,$0.43B,$0.93B,0.46,$0.44B,$0.41B,92.53%,$0.44B,$0.19B,43.44%,$0.44B,0,0.00%,$0.44B,0,0.00%,$0.44B,$0.20B,44.80%,$0.44B,$0.15B,33.26%,$0.15B,$1.00B,15.25%,$0.15B,$0.98B,15.68%,$0.15B,$10.60B,1.45%,$0.19B,$1.43B,14.15%,$119,$8,$111,$0,$57,$65,$53,$1,$55,$14,$40,$40,$40,$0,$0,$87,88,$0.46,$0.46,$165,$0,$0,$8453,$114,$1547,$26,$398,$2148,$10601,$8986,$431,$183,$614,$9600,$0,$85,$17,$1001,$10601,$148,$-3,$-1,$-5,$-0,$0,$0,$24,$24,$167,$-14,$0,$0,$2,$-1369,$-1367,$-6,$-1386,$34,$0,$34,$22,$-48,$-1,$1093,$1077,$-141,$17,$0
16,2014-09-30,23.9,$11.42,2.09,$4.84,4.94,$3.87,6.18,$1.57,15.22,$8.08B,$8.75B,0.92,$0.37B,$0.86B,0.43,$0.42B,$0.39B,92.18%,$0.42B,$0.18B,41.47%,$0.42B,0,0.00%,$0.42B,0,0.00%,$0.42B,$0.18B,42.42%,$0.42B,$0.14B,32.70%,$0.14B,$1.00B,14.87%,$0.14B,$0.98B,15.32%,$0.14B,$10.29B,1.40%,$0.18B,$1.38B,13.38%,$112,$7,$104,$0,$52,$60,$52,$2,$54,$13,$41,$41,$41,$0,$0,$87,88,$0.47,$0.46,$259,$0,$0,$8080,$112,$1597,$26,$407,$2209,$10289,$8751,$373,$163,$535,$9286,$0,$45,$9,$1003,$10289,$108,$-3,$-5,$-8,$0,$0,$0,$8,$8,$107,$-11,$0,$0,$2,$-984,$-982,$2,$-990,$-21,$0,$-21,$5,$5,$-1,$863,$846,$-37,$8,$0
17,2014-06-30,23.8,$10.91,2.18,$4.68,5.09,$4.16,5.72,$1.43,16.64,$7.82B,$8.52B,0.92,$0.38B,$0.82B,0.47,$0.41B,$0.37B,91.89%,$0.41B,$0.16B,40.05%,$0.41B,0,0.00%,$0.41B,0,0.00%,$0.41B,$0.16B,40.29%,$0.41B,$0.13B,30.71%,$0.13B,$0.96B,14.15%,$0.13B,$0.93B,14.60%,$0.13B,$10.02B,1.32%,$0.16B,$1.34B,12.74%,$108,$8,$99,$0,$52,$61,$47,$-0,$47,$11,$36,$36,$35,$0,$0,$87,87,$0.41,$0.40,$381,$0,$0,$7819,$110,$1605,$26,$395,$2204,$10024,$8523,$380,$162,$543,$9066,$0,$5,$8,$958,$10024,$67,$-2,$-2,$-4,$0,$0,$0,$-2,$-2,$61,$-5,$0,$0,$1,$-595,$-594,$-2,$-602,$-22,$0,$-22,$5,$5,$-1,$633,$615,$74,$6,$-1
18,2014-03-31,24.6,$10.22,2.41,$4.61,5.33,$4.52,5.44,$1.42,17.32,$7.47B,$8.32B,0.9,$0.39B,$0.75B,0.51,$0.40B,$0.37B,92.25%,$0.40B,$0.16B,39.75%,$0.40B,0,0.00%,$0.40B,0,0.00%,$0.40B,$0.16B,39.75%,$0.40B,$0.12B,31.00%,$0.12B,$0.90B,14.69%,$0.12B,$0.87B,15.19%,$0.12B,$9.75B,1.36%,$0.16B,$1.28B,12.63%,$103,$8,$95,$0,$55,$63,$40,$2,$42,$11,$32,$32,$31,$0,$0,$86,87,$0.35,$0.35,$467,$0,$0,$7471,$107,$1670,$27,$393,$2275,$9747,$8316,$386,$150,$536,$8852,$0,$-30,$-11,$895,$9747,$31,$1,$-1,$-0,$0,$0,$0,$9,$9,$40,$-1,$0,$0,$2,$-293,$-291,$3,$-289,$97,$0,$97,$1,$1,$-0,$312,$409,$160,$0,$0
19,2013-12-31,23.86,$9.81,2.43,$4.45,5.36,$4.60,5.19,$1.31,18.21,$7.01B,$7.91B,0.89,$0.38B,$0.71B,0.54,$0.39B,$0.36B,92.21%,$0.39B,$0.15B,38.44%,$0.39B,0,0.00%,$0.39B,0,0.00%,$0.39B,$0.15B,37.92%,$0.39B,$0.11B,29.61%,$0.11B,$0.86B,13.98%,$0.11B,$0.83B,14.48%,$0.11B,$9.31B,1.30%,$0.15B,$1.24B,12.16%,$99,$8,$91,$0,$55,$63,$36,$0,$36,$4,$32,$32,$31,$0,$0,$86,87,$0.37,$0.35,$308,$0,$0,$7010,$106,$1687,$27,$397,$2298,$9307,$7909,$383,$159,$542,$8452,$0,$-61,$-22,$855,$9307,$115,$6,$-3,$4,$0,$0,$0,$47,$47,$165,$-19,$0,$21,$-2,$-1179,$-1181,$5,$-1173,$59,$0,$59,$5,$5,$-1,$1047,$1109,$101,$8,$0
20,2013-09-30,18.93,$9.49,2.0,$4.64,4.08,$5.24,3.61,$1.32,14.34,$6.93B,$7.46B,0.93,$0.43B,$0.69B,0.63,$0.40B,$0.37B,92.70%,$0.40B,$0.16B,39.80%,$0.40B,0,0.00%,$0.40B,0,0.00%,$0.40B,$0.15B,38.54%,$0.40B,$0.12B,28.97%,$0.12B,$0.83B,14.52%,$0.12B,$0.80B,15.08%,$0.12B,$8.92B,1.38%,$0.16B,$1.26B,13.68%,$97,$8,$89,$0,$48,$56,$40,$-1,$39,$10,$29,$29,$28,$0,$0,$86,87,$0.33,$0.33,$513,$0,$0,$6932,$106,$1397,$28,$380,$1990,$8921,$7457,$434,$204,$638,$8095,$0,$-92,$-15,$826,$8921,$84,$4,$2,$6,$0,$0,$0,$34,$34,$124,$-2,$0,$21,$-4,$-535,$-539,$-8,$-528,$121,$0,$121,$130,$130,$-1,$458,$708,$304,$4,$0
21,2013-06-30,15.83,$9.19,1.72,$4.56,3.47,$5.29,2.99,$1.18,13.42,$6.70B,$7.18B,0.93,$0.46B,$0.66B,0.7,$0.39B,$0.36B,92.75%,$0.39B,$0.14B,36.53%,$0.39B,0,0.00%,$0.39B,0,0.00%,$0.39B,$0.14B,35.23%,$0.39B,$0.10B,26.42%,$0.10B,$0.80B,13.43%,$0.10B,$0.77B,13.96%,$0.10B,$8.59B,1.28%,$0.14B,$1.26B,13.06%,$101,$7,$94,$0,$50,$58,$43,$-1,$42,$8,$34,$34,$34,$0,$0,$86,87,$0.39,$0.39,$385,$0,$0,$6700,$106,$1311,$29,$365,$1893,$8594,$7183,$459,$153,$612,$7794,$0,$-120,$-11,$800,$8594,$55,$3,$-22,$-19,$0,$0,$0,$51,$51,$87,$-1,$0,$21,$-2,$-389,$-391,$6,$-364,$145,$0,$145,$2,$2,$-1,$310,$456,$178,$3,$0
22,2013-03-31,13.84,$8.97,1.54,$4.44,3.12,$5.27,2.63,$0.94,14.72,$6.32B,$6.93B,0.91,$0.33B,$0.64B,0.52,$0.37B,$0.34B,92.43%,$0.37B,$0.12B,31.89%,$0.37B,0,0.00%,$0.37B,0,0.00%,$0.37B,$0.11B,30.54%,$0.37B,$0.08B,21.89%,$0.08B,$0.78B,11.13%,$0.08B,$0.75B,11.62%,$0.08B,$8.17B,1.07%,$0.12B,$1.11B,11.59%,$88,$7,$81,$0,$51,$59,$29,$-1,$29,$8,$21,$21,$21,$0,$0,$85,86,$0.24,$0.24,$557,$0,$0,$6317,$107,$1331,$29,$336,$1857,$8174,$6932,$331,$130,$461,$7393,$0,$-154,$7,$781,$8174,$21,$1,$4,$5,$0,$0,$0,$20,$20,$46,$-1,$0,$0,$-0,$-193,$-193,$0,$-193,$218,$0,$218,$1,$1,$-0,$280,$499,$352,$1,$0
23,2012-12-31,10.53,$8.79,1.2,$4.43,2.38,$5.16,2.04,$0.82,12.84,$5.82B,$6.53B,0.89,$0.23B,$0.62B,0.37,$0.37B,$0.34B,92.33%,$0.37B,$0.11B,29.59%,$0.37B,0,0.00%,$0.37B,0,0.00%,$0.37B,$0.10B,27.40%,$0.37B,$0.07B,19.18%,$0.07B,$0.76B,10.06%,$0.07B,$0.73B,10.54%,$0.07B,$7.62B,0.96%,$0.11B,$0.99B,11.24%,$111,$7,$104,$0,$57,$64,$46,$-3,$43,$9,$34,$34,$32,$0,$0,$82,83,$0.38,$0.38,$205,$0,$0,$5819,$108,$1267,$30,$347,$1803,$7623,$6534,$230,$99,$329,$6863,$0,$-174,$8,$760,$7623,$73,$22,$51,$73,$0,$0,$0,$15,$15,$161,$32,$0,$51,$7,$-651,$-644,$-24,$-585,$-205,$0,$-205,$3,$3,$-4,$680,$474,$50,$6,$0
24,2012-09-30,10.2,$8.36,1.22,$4.10,2.49,$4.60,2.22,$0.52,19.62,$5.55B,$6.37B,0.87,$0.26B,$0.56B,0.47,$0.34B,$0.31B,91.37%,$0.34B,$0.08B,23.81%,$0.34B,0,0.00%,$0.34B,0,0.00%,$0.34B,$0.07B,19.94%,$0.34B,$0.04B,12.80%,$0.04B,$0.70B,6.46%,$0.04B,$0.67B,6.81%,$0.04B,$7.40B,0.61%,$0.08B,$0.96B,8.24%,$86,$7,$79,$0,$52,$63,$23,$-0,$22,$7,$16,$16,$15,$0,$0,$82,82,$0.19,$0.18,$314,$0,$0,$5549,$107,$1366,$29,$316,$1854,$7404,$6373,$260,$72,$332,$6706,$0,$-206,$12,$698,$7404,$41,$19,$57,$75,$0,$0,$0,$9,$9,$125,$-6,$0,$0,$2,$-440,$-439,$12,$-432,$-42,$0,$-42,$3,$3,$-3,$503,$460,$153,$5,$0
25,2012-06-30,9.36,$8.08,1.16,$4.14,2.26,$4.53,2.07,$0.38,24.63,$5.25B,$6.09B,0.86,$0.34B,$0.53B,0.64,$0.34B,$0.31B,90.80%,$0.34B,$0.08B,24.04%,$0.34B,0,0.00%,$0.34B,0,0.00%,$0.34B,$0.07B,19.58%,$0.34B,$0.03B,9.50%,$0.03B,$0.67B,4.93%,$0.03B,$0.64B,5.22%,$0.03B,$7.16B,0.47%,$0.08B,$1.01B,8.84%,$85,$7,$78,$0,$57,$65,$20,$-1,$19,$5,$14,$14,$13,$0,$0,$82,82,$0.15,$0.15,$183,$0,$0,$5250,$107,$1432,$34,$292,$1914,$7164,$6088,$340,$63,$403,$6491,$0,$-221,$4,$672,$7164,$25,$10,$41,$52,$0,$0,$0,$7,$7,$84,$-4,$0,$0,$4,$-329,$-326,$17,$-313,$-87,$0,$-87,$1,$1,$-3,$343,$254,$24,$4,$0
26,2012-03-31,8.47,$7.87,1.08,$4.12,2.06,$4.58,1.85,$0.28,30.25,$5.01B,$6.01B,0.83,$0.23B,$0.51B,0.45,$0.34B,$0.30B,89.85%,$0.34B,$0.08B,23.88%,$0.34B,0,0.00%,$0.34B,0,0.00%,$0.34B,$0.06B,17.01%,$0.34B,$0.02B,6.87%,$0.02B,$0.65B,3.62%,$0.02B,$0.62B,3.84%,$0.02B,$6.93B,0.34%,$0.08B,$0.89B,9.45%,$83,$7,$76,$0,$56,$65,$19,$-3,$16,$4,$12,$12,$10,$0,$0,$81,82,$0.12,$0.12,$185,$0,$0,$5013,$105,$1451,$35,$266,$1913,$6925,$6013,$231,$27,$258,$6271,$0,$-234,$1,$654,$6925,$11,$6,$21,$27,$0,$0,$0,$-1,$-1,$36,$-2,$0,$0,$2,$73,$75,$-155,$-82,$-169,$0,$-169,$1,$1,$-2,$241,$70,$25,$2,$0
27,2011-12-31,6.23,$7.73,0.81,$4.08,1.53,$4.65,1.34,$0.19,32.79,$4.84B,$5.78B,0.84,$0.39B,$0.50B,0.79,$0.33B,$0.29B,88.52%,$0.33B,$0.08B,23.26%,$0.33B,0,0.00%,$0.33B,0,0.00%,$0.33B,$0.05B,15.41%,$0.33B,$0.02B,4.83%,$0.02B,$0.64B,2.57%,$0.02B,$0.60B,2.74%,$0.02B,$6.85B,0.24%,$0.08B,$1.03B,9.57%,$82,$8,$74,$0,$55,$64,$18,$-8,$10,$2,$8,$8,$5,$0,$0,$81,81,$0.07,$0.07,$162,$0,$0,$4843,$106,$1517,$36,$282,$2001,$6845,$5782,$390,$35,$426,$6208,$0,$-244,$-5,$637,$6845,$31,$19,$81,$99,$0,$0,$0,$12,$12,$142,$1,$0,$0,$30,$-885,$-855,$41,$-812,$294,$0,$294,$-0,$1,$-7,$320,$608,$-62,$4,$0
28,2011-09-30,5.48,$7.69,0.71,$4.03,1.36,$2.90,1.89,$-0.05,0.0,$4.75B,$5.78B,0.82,$0.11B,$0.49B,0.22,$0.32B,$0.28B,86.92%,$0.32B,$0.06B,18.38%,$0.32B,0,0.00%,$0.32B,0,0.00%,$0.32B,$0.03B,8.10%,$0.32B,$-0.00B,-0.62%,$-0.00B,$0.63B,-0.33%,$-0.00B,$0.60B,-0.35%,$-0.00B,$6.55B,-0.03%,$0.06B,$0.74B,8.11%,$87,$10,$78,$0,$53,$63,$24,$-3,$21,$8,$13,$13,$4,$0,$0,$81,81,$0.04,$0.04,$320,$0,$0,$4747,$106,$1325,$37,$269,$1799,$6546,$5775,$110,$29,$138,$5914,$0,$-249,$-3,$632,$6546,$24,$14,$63,$76,$0,$0,$0,$8,$8,$109,$2,$0,$0,$23,$-44,$-21,$-325,$-344,$33,$0,$33,$0,$1,$-5,$294,$324,$89,$3,$0
29,2011-06-30,7.1,$7.50,0.95,$4.05,1.75,$0.47,15.02,$-0.10,0.0,$4.87B,$5.74B,0.85,$0.12B,$0.48B,0.24,$0.32B,$0.27B,86.12%,$0.32B,$0.04B,13.25%,$0.32B,0,0.00%,$0.32B,0,0.00%,$0.32B,$0.01B,2.52%,$0.32B,$-0.01B,-1.89%,$-0.01B,$0.62B,-0.98%,$-0.01B,$0.58B,-1.05%,$-0.01B,$6.51B,-0.09%,$0.04B,$0.73B,5.80%,$83,$10,$73,$0,$53,$65,$19,$-9,$10,$3,$7,$7,$4,$0,$0,$81,81,$0.05,$0.05,$558,$0,$0,$4866,$109,$1150,$38,$274,$1642,$6508,$5737,$116,$40,$155,$5892,$0,$-252,$-6,$616,$6508,$11,$10,$41,$51,$0,$0,$0,$19,$19,$82,$2,$0,$0,$14,$127,$141,$-192,$-50,$39,$0,$39,$0,$0,$-4,$250,$286,$318,$2,$0
30,2011-03-31,8.22,$7.32,1.12,$4.28,1.92,$-1.37,0.0,$-0.17,0.0,$4.57B,$5.66B,0.81,$0.12B,$0.47B,0.25,$0.33B,$0.28B,85.54%,$0.33B,$0.04B,11.38%,$0.33B,0,0.00%,$0.33B,0,0.00%,$0.33B,$0.00B,0.00%,$0.33B,$-0.01B,-3.38%,$-0.01B,$0.60B,-1.83%,$-0.01B,$0.56B,-1.96%,$-0.01B,$6.41B,-0.18%,$0.04B,$0.72B,5.33%,$79,$11,$68,$0,$51,$63,$16,$-6,$10,$4,$6,$6,$3,$0,$0,$81,81,$0.03,$0.03,$393,$0,$0,$4565,$112,$1325,$38,$284,$1840,$6405,$5661,$116,$26,$142,$5803,$0,$-256,$-15,$602,$6405,$5,$5,$19,$24,$0,$0,$0,$10,$10,$39,$0,$0,$0,$8,$-63,$-55,$-49,$-104,$54,$0,$54,$0,$0,$-2,$159,$212,$147,$1,$0
31,2010-12-31,7.36,$7.37,1.0,$4.47,1.65,$-2.78,0.0,$-0.23,0.0,$4.38B,$5.45B,0.81,$0.12B,$0.47B,0.25,$0.33B,$0.28B,84.80%,$0.33B,$0.02B,6.08%,$0.33B,0,0.00%,$0.33B,0,0.00%,$0.33B,$-0.01B,-3.04%,$0.33B,$-0.02B,-4.86%,$-0.02B,$0.60B,-2.70%,$-0.02B,$0.56B,-2.89%,$-0.02B,$6.19B,-0.26%,$0.02B,$0.72B,2.90%,$72,$11,$60,$0,$60,$72,$-0,$-13,$-15,$-5,$-10,$-10,$-13,$0,$0,$75,75,$-0.17,$-0.17,$254,$0,$0,$4384,$114,$1272,$39,$304,$1810,$6194,$5448,$116,$28,$144,$5592,$0,$-259,$-9,$602,$6194,$-7,$20,$100,$121,$-0,$0,$0,$-113,$-113,$0,$1,$0,$0,$16,$-422,$-406,$-306,$-710,$-127,$0,$-127,$48,$48,$-7,$616,$530,$-180,$8,$0
32,2010-09-30,6.7,$7.60,0.88,$4.74,1.41,$-1.45,0.0,$-0.47,0.0,$4.68B,$5.42B,0.87,$0.11B,$0.49B,0.22,$0.33B,$0.28B,83.59%,$0.33B,$-0.01B,-3.34%,$0.33B,0,0.00%,$0.33B,0,0.00%,$0.33B,$-0.03B,-9.42%,$0.33B,$-0.03B,-9.73%,$-0.03B,$0.62B,-5.45%,$-0.03B,$0.58B,-5.87%,$-0.03B,$6.18B,-0.53%,$-0.01B,$0.73B,-1.60%,$83,$11,$72,$0,$63,$75,$7,$-5,$3,$-0,$3,$3,$-0,$0,$0,$76,76,$-0.01,$-0.01,$618,$0,$0,$4683,$117,$967,$40,$302,$1496,$6179,$5415,$109,$35,$144,$5559,$0,$-246,$-3,$620,$6179,$4,$15,$78,$93,$-0,$0,$0,$-179,$-179,$-82,$1,$0,$0,$52,$-107,$-55,$-145,$-198,$-150,$0,$-150,$48,$48,$-5,$606,$499,$219,$6,$0
33,2010-06-30,7.17,$7.85,0.91,$4.76,1.51,$0.92,7.82,$-0.83,0.0,$4.59B,$5.32B,0.86,$0.04B,$0.45B,0.08,$0.33B,$0.27B,81.29%,$0.33B,$-0.05B,-15.34%,$0.33B,0,0.00%,$0.33B,0,0.00%,$0.33B,$-0.07B,-22.70%,$0.33B,$-0.06B,-17.79%,$-0.06B,$0.58B,-9.95%,$-0.06B,$0.54B,-10.78%,$-0.06B,$5.96B,-0.98%,$-0.05B,$0.61B,-7.14%,$91,$13,$78,$0,$63,$77,$14,$-12,$2,$-0,$2,$2,$-1,$0,$0,$72,72,$-0.02,$-0.02,$566,$0,$0,$4586,$119,$884,$41,$262,$1374,$5959,$5317,$36,$30,$66,$5384,$0,$-245,$3,$576,$5959,$2,$10,$52,$62,$-0,$0,$0,$-125,$-125,$-61,$2,$0,$0,$49,$-20,$29,$-88,$-58,$-222,$0,$-222,$0,$0,$-4,$508,$282,$164,$4,$0
34,2010-03-31,5.69,$7.88,0.72,$5.11,1.11,$2.99,1.9,$-1.12,0.0,$4.79B,$5.36B,0.89,$0.12B,$0.45B,0.27,$0.32B,$0.25B,78.82%,$0.32B,$-0.08B,-25.55%,$0.32B,0,0.00%,$0.32B,0,0.00%,$0.32B,$-0.10B,-30.22%,$0.32B,$-0.07B,-23.05%,$-0.07B,$0.58B,-12.45%,$-0.07B,$0.53B,-13.53%,$-0.07B,$6.10B,-1.27%,$-0.08B,$0.70B,-10.35%,$83,$14,$69,$0,$69,$85,$-1,$1,$-0,$-2,$1,$1,$-2,$0,$0,$72,72,$-0.03,$-0.03,$843,$0,$0,$4790,$121,$809,$42,$265,$1307,$6096,$5359,$122,$39,$161,$5520,$0,$-244,$5,$576,$6096,$0,$5,$22,$27,$-0,$0,$0,$-97,$-97,$-70,$3,$0,$0,$41,$50,$91,$6,$100,$-64,$0,$-64,$0,$0,$-2,$468,$403,$433,$2,$0
35,2009-12-31,3.78,$7.94,0.48,$5.07,0.75,$4.47,0.85,$-3.42,0.0,$4.42B,$4.95B,0.89,$0.13B,$0.45B,0.29,$0.28B,$0.21B,73.93%,$0.28B,$-0.16B,-58.57%,$0.28B,0,0.00%,$0.28B,0,0.00%,$0.28B,$-0.19B,-66.07%,$0.28B,$-0.16B,-57.50%,$-0.16B,$0.58B,-28.90%,$-0.16B,$0.53B,-31.79%,$-0.16B,$5.75B,-2.86%,$-0.16B,$0.71B,-19.46%,$72,$16,$56,$0,$81,$103,$-31,$-5,$-36,$-10,$-26,$-26,$-29,$0,$0,$59,59,$0.27,$0.27,$451,$0,$0,$4422,$126,$852,$43,$241,$1331,$5753,$4945,$132,$100,$232,$5178,$0,$-242,$5,$576,$5753,$-151,$67,$161,$227,$-0,$0,$0,$-1,$-1,$75,$5,$0,$0,$-54,$-236,$-290,$-84,$-368,$-704,$0,$-704,$191,$191,$-7,$1070,$550,$257,$9,$0
36,2009-09-30,6.31,$8.32,0.76,$2.69,2.35,$5.39,1.17,$-6.95,0.0,$4.70B,$5.05B,0.93,$0.18B,$0.48B,0.38,$0.17B,$0.09B,54.12%,$0.17B,$-0.31B,-184.12%,$0.17B,0,0.00%,$0.17B,0,0.00%,$0.17B,$-0.33B,-195.88%,$0.17B,$-0.28B,-165.29%,$-0.28B,$0.60B,-52.35%,$-0.28B,$0.55B,-59.53%,$-0.28B,$5.83B,-5.10%,$-0.31B,$0.78B,-32.11%,$80,$19,$62,$0,$92,$113,$-32,$-7,$-40,$-17,$-23,$-23,$-26,$0,$0,$72,72,$-0.37,$-0.37,$813,$0,$0,$4698,$129,$714,$52,$183,$1133,$5831,$5047,$181,$0,$181,$5228,$0,$-212,$6,$603,$5831,$-124,$56,$117,$174,$0,$0,$0,$46,$46,$91,$2,$0,$0,$-52,$-69,$-120,$-27,$-145,$-615,$0,$-615,$191,$191,$-5,$1100,$671,$618,$7,$0
37,2009-06-30,6.84,$8.58,0.8,$3.19,2.14,$5.78,1.18,$-9.36,0.0,$4.71B,$4.72B,1.0,$0.36B,$0.50B,0.72,$0.14B,$0.06B,41.67%,$0.14B,$-0.39B,-268.06%,$0.14B,0,0.00%,$0.14B,0,0.00%,$0.14B,$-0.40B,-276.39%,$0.14B,$-0.35B,-243.06%,$-0.35B,$0.62B,-69.24%,$-0.35B,$0.57B,-84.64%,$-0.35B,$5.70B,-6.53%,$-0.39B,$0.98B,-34.27%,$86,$19,$66,$0,$82,$103,$-18,$-4,$-21,$-8,$-13,$-13,$-17,$0,$0,$53,53,$-0.31,$-0.31,$738,$0,$0,$4707,$137,$598,$53,$166,$995,$5702,$4723,$357,$0,$357,$5080,$0,$-186,$1,$622,$5702,$-101,$54,$86,$140,$0,$0,$0,$33,$33,$70,$-3,$0,$0,$-169,$25,$-144,$-19,$-166,$-403,$0,$-403,$191,$191,$-4,$740,$525,$429,$5,$0
38,2009-03-31,4.56,$10.96,0.42,$4.24,1.07,$5.82,0.78,$-8.97,0.0,$4.29B,$4.37B,0.98,$0.47B,$0.30B,1.57,$0.14B,$0.05B,36.23%,$0.14B,$-0.37B,-264.49%,$0.14B,0,0.00%,$0.14B,0,0.00%,$0.14B,$-0.37B,-271.01%,$0.14B,$-0.33B,-239.86%,$-0.33B,$0.43B,-68.78%,$-0.33B,$0.37B,-96.64%,$-0.33B,$5.27B,-6.32%,$-0.37B,$0.90B,-29.89%,$42,$19,$23,$0,$59,$126,$-83,$-5,$-88,$-3,$-85,$-85,$-89,$0,$0,$38,38,$-2.33,$-2.33,$228,$0,$0,$4290,$138,$625,$54,$129,$978,$5267,$4367,$474,$0,$474,$4840,$0,$-169,$-16,$427,$5267,$-86,$51,$57,$109,$0,$0,$0,$5,$5,$24,$-3,$0,$0,$0,$-22,$-22,$-4,$-28,$-315,$0,$-315,$0,$0,$-2,$409,$92,$88,$2,$0
39,2008-12-31,10.09,$12.84,0.79,$5.80,1.74,$6.33,1.59,$-6.50,0.0,$4.21B,$3.97B,1.06,$0.74B,$0.37B,2.0,$0.18B,$0.08B,44.38%,$0.18B,$-0.28B,-155.06%,$0.18B,0,0.00%,$0.18B,0,0.00%,$0.18B,$-0.28B,-157.30%,$0.18B,$-0.24B,-133.71%,$-0.24B,$0.50B,-47.79%,$-0.24B,$0.40B,-76.16%,$-0.24B,$5.24B,-4.56%,$-0.28B,$1.24B,-20.87%,$-38,$22,$-59,$0,$57,$143,$-180,$0,$-184,$-42,$-142,$-142,$-149,$0,$0,$33,33,$-4.65,$-4.65,$140,$0,$0,$4209,$141,$606,$100,$152,$1034,$5243,$3973,$740,$34,$774,$4747,$0,$-85,$-28,$495,$5243,$-236,$151,$223,$374,$-0,$0,$0,$-59,$-60,$81,$-7,$0,$0,$0,$-9,$-9,$-505,$-521,$138,$0,$138,$221,$221,$0,$105,$464,$24,$10,$0
40,2008-09-30,15.46,$12.41,1.25,$9.78,1.58,$4.67,3.31,$-2.48,0.0,$4.08B,$3.84B,1.06,$0.91B,$0.48B,1.91,$0.30B,$0.19B,62.83%,$0.30B,$-0.09B,-30.92%,$0.30B,0,0.00%,$0.30B,0,0.00%,$0.30B,$-0.09B,-30.59%,$0.30B,$-0.09B,-28.62%,$-0.09B,$0.48B,-17.41%,$-0.09B,$0.32B,-31.24%,$-0.09B,$5.23B,-1.68%,$-0.09B,$1.39B,-7.20%,$54,$24,$30,$0,$54,$159,$-105,$0,$-105,$-10,$-95,$-95,$-95,$0,$0,$33,33,$-2.84,$-2.84,$173,$0,$0,$4083,$143,$664,$161,$124,$1146,$5229,$3839,$912,$0,$912,$4751,$0,$64,$-52,$478,$5229,$-88,$89,$59,$147,$0,$0,$0,$-0,$-0,$63,$-6,$0,$0,$0,$19,$19,$-342,$-330,$281,$0,$281,$82,$82,$0,$-38,$325,$57,$0,$0
41,2008-06-30,7.76,$15.43,0.5,$10.94,0.71,$3.29,2.36,$0.65,11.94,$4.02B,$3.86B,1.04,$0.83B,$0.53B,1.58,$0.34B,$0.22B,63.91%,$0.34B,$0.03B,7.99%,$0.34B,0,0.00%,$0.34B,0,0.00%,$0.34B,$0.03B,8.28%,$0.34B,$0.02B,5.62%,$0.02B,$0.53B,3.73%,$0.02B,$0.29B,7.10%,$0.02B,$5.22B,0.37%,$0.03B,$1.36B,2.24%,$80,$25,$56,$0,$51,$77,$3,$0,$3,$1,$2,$2,$2,$0,$0,$30,30,$0.08,$0.08,$181,$0,$0,$4016,$143,$663,$241,$117,$1204,$5219,$3863,$831,$0,$831,$4694,$0,$159,$-46,$525,$5219,$7,$6,$23,$30,$0,$0,$0,$-0,$-0,$44,$-5,$0,$0,$0,$60,$60,$-253,$-198,$83,$0,$83,$30,$30,$0,$107,$220,$66,$0,$0
42,2008-03-31,12.86,$16.34,0.79,$10.77,1.19,$2.13,6.02,$0.82,15.68,$3.88B,$3.89B,1.0,$0.81B,$0.49B,1.65,$0.34B,$0.21B,61.72%,$0.34B,$0.04B,10.98%,$0.34B,0,0.00%,$0.34B,0,0.00%,$0.34B,$0.04B,10.98%,$0.34B,$0.03B,7.42%,$0.03B,$0.49B,4.92%,$0.03B,$0.25B,9.37%,$0.03B,$5.20B,0.50%,$0.04B,$1.31B,3.54%,$82,$30,$52,$0,$45,$76,$6,$0,$6,$1,$4,$4,$4,$0,$0,$30,31,$0.14,$0.14,$192,$0,$0,$3884,$144,$777,$241,$115,$1313,$5197,$3891,$812,$0,$812,$4703,$0,$156,$-43,$494,$5197,$4,$3,$11,$14,$0,$0,$0,$14,$14,$36,$-3,$0,$0,$0,$-45,$-45,$-96,$-144,$101,$0,$101,$0,$0,$0,$84,$185,$76,$0,$0
43,2007-12-31,18.77,$16.63,1.13,$10.61,1.77,$1.40,13.39,$1.07,17.54,$3.72B,$3.85B,0.97,$0.67B,$0.50B,1.33,$0.33B,$0.20B,61.89%,$0.33B,$0.05B,14.63%,$0.33B,0,0.00%,$0.33B,0,0.00%,$0.33B,$0.05B,14.63%,$0.33B,$0.03B,9.76%,$0.03B,$0.50B,6.25%,$0.03B,$0.26B,11.76%,$0.03B,$5.02B,0.66%,$0.05B,$1.17B,5.41%,$88,$35,$53,$0,$50,$85,$2,$0,$3,$1,$2,$2,$2,$0,$0,$29,31,$0.07,$0.07,$116,$0,$0,$3722,$143,$763,$242,$120,$1294,$5016,$3848,$667,$0,$667,$4515,$0,$152,$-29,$502,$5016,$33,$11,$27,$38,$0,$0,$1,$-19,$-18,$55,$-36,$0,$47,$0,$-186,$-186,$-352,$-527,$594,$0,$594,$-16,$-16,$0,$-256,$323,$-149,$7,$0
44,2007-09-30,23.57,$17.21,1.37,$10.19,2.31,$1.10,21.45,$1.30,18.13,$3.70B,$4.02B,0.92,$0.47B,$0.52B,0.91,$0.31B,$0.19B,62.01%,$0.31B,$0.06B,19.48%,$0.31B,0,0.00%,$0.31B,0,0.00%,$0.31B,$0.06B,19.16%,$0.31B,$0.04B,12.66%,$0.04B,$0.52B,7.98%,$0.04B,$0.27B,14.33%,$0.04B,$5.00B,0.84%,$0.06B,$0.99B,8.10%,$88,$34,$55,$0,$38,$72,$16,$0,$16,$5,$11,$11,$11,$0,$0,$30,32,$0.38,$0.35,$167,$0,$0,$3695,$138,$811,$243,$104,$1309,$5003,$4017,$470,$0,$470,$4488,$0,$150,$-13,$516,$5003,$30,$8,$5,$12,$0,$0,$-4,$3,$-0,$36,$-27,$0,$47,$0,$-206,$-206,$-251,$-437,$325,$0,$325,$-13,$-13,$0,$-11,$302,$-98,$0,$0
45,2007-06-30,29.85,$17.24,1.73,$9.77,3.06,$0.69,43.14,$1.35,22.11,$3.57B,$4.03B,0.89,$0.20B,$0.52B,0.39,$0.29B,$0.18B,62.28%,$0.29B,$0.06B,21.45%,$0.29B,0,0.00%,$0.29B,0,0.00%,$0.29B,$0.06B,21.11%,$0.29B,$0.04B,13.84%,$0.04B,$0.52B,8.73%,$0.04B,$0.28B,15.07%,$0.04B,$4.75B,0.91%,$0.06B,$0.72B,9.68%,$79,$31,$48,$0,$35,$67,$13,$-1,$12,$4,$8,$8,$8,$0,$0,$30,32,$0.27,$0.25,$196,$0,$0,$3567,$130,$703,$237,$104,$1179,$4747,$4026,$201,$0,$201,$4227,$0,$139,$-3,$519,$4747,$19,$5,$2,$7,$4,$0,$-9,$4,$-1,$21,$-16,$0,$46,$0,$-87,$-87,$-96,$-153,$47,$0,$47,$3,$3,$0,$13,$63,$-69,$0,$0
46,2007-03-31,31.04,$17.06,1.82,$9.49,3.27,$0.52,59.43,$1.49,20.83,$3.61B,$4.05B,0.89,$0.17B,$0.51B,0.33,$0.27B,$0.18B,64.23%,$0.27B,$0.07B,24.09%,$0.27B,0,0.00%,$0.27B,0,0.00%,$0.27B,$0.07B,24.09%,$0.27B,$0.04B,15.69%,$0.04B,$0.51B,10.24%,$0.04B,$0.27B,17.17%,$0.04B,$4.73B,1.02%,$0.07B,$0.68B,11.10%,$73,$26,$47,$0,$29,$56,$17,$0,$17,$6,$11,$11,$11,$0,$0,$27,29,$0.42,$0.39,$296,$0,$0,$3614,$126,$648,$237,$100,$1114,$4728,$4049,$167,$0,$167,$4216,$0,$131,$-1,$511,$4728,$11,$0,$0,$0,$0,$0,$0,$7,$7,$19,$-9,$0,$47,$0,$-25,$-25,$-40,$-28,$-7,$0,$-7,$1,$1,$0,$46,$40,$32,$0,$0
47,2006-12-31,34.77,$15.09,2.3,$8.78,3.96,$0.43,80.8,$1.43,24.31,$3.25B,$3.59B,0.91,$0.17B,$0.41B,0.42,$0.25B,$0.16B,65.59%,$0.25B,$0.06B,25.10%,$0.25B,0,0.00%,$0.25B,0,0.00%,$0.25B,$0.06B,25.10%,$0.25B,$0.04B,16.19%,$0.04B,$0.41B,10.49%,$0.04B,$0.26B,16.13%,$0.04B,$4.17B,1.02%,$0.06B,$0.58B,11.24%,$68,$27,$41,$0,$28,$54,$14,$0,$14,$5,$9,$9,$9,$0,$0,$26,28,$0.34,$0.30,$265,$0,$0,$3252,$100,$561,$148,$101,$918,$4170,$3590,$171,$0,$171,$3761,$0,$126,$-5,$409,$4170,$40,$7,$15,$22,$-4,$0,$-6,$-9,$-18,$44,$-35,$0,$-6,$0,$242,$242,$-627,$-426,$122,$0,$122,$12,$12,$0,$339,$473,$91,$3,$0
