,Date,Stock Price,Book Value per Share,Price to Book Ratio,TTM Sales per Share,Price to Sales Ratio,TTM FCF per Share,Price to FCF Ratio,TTM Net EPS,PE Ratio,Current Assets,Current Liabilities,Current Ratio,Long Term Debt,Shareholder's Equity_x,Debt to Equity Ratio,TTM Revenue_x,TTM Gross Profit,Gross Margin,TTM Revenue_y,TTM Operating Income,Operating Margin,TTM Revenue_x,TTM EBIT,EBIT Margin,TTM Revenue_y,TTM EBITDA,EBITDA Margin,TTM Revenue_x,TTM Pre-Tax Income,Pre-Tax Margin,TTM Revenue_y,TTM Net Income_x,Net Margin,TTM Net Income_y,Shareholder's Equity_y,Return on Equity,TTM Net Income_x,Tangible Equity,Return on Tangible Equity,TTM Net Income_y,Total Assets,Return on Assets,TTM Net Income,LT Investments & Debt,Return on Investment,revenue,cost-goods-sold,gross-profit,research-development-expenses,selling-general-administrative-expenses,operating-expenses,operating-income,total-non-operating-income-expense,pre-tax-income,total-provision-income-taxes,income-after-taxes,income-from-continuous-operations,net-income,ebitda,ebit,basic-shares-outstanding,shares-outstanding,eps-basic-net-earnings-per-share,eps-earnings-per-share-diluted,cash-on-hand,inventory,other-current-assets,total-current-assets,net-property-plant-equipment,long-term-investments,goodwill-intangible-assets-total,other-long-term-assets,total-long-term-assets,total-assets,total-current-liabilities,long-term-debt,other-non-current-liabilities,total-long-term-liabilities,total-liabilities,common-stock-net,retained-earnings-accumulated-deficit,comprehensive-income,total-share-holder-equity,total-liabilities-share-holders-equity,net-income-loss,total-depreciation-amortization-cash-flow,other-non-cash-items,total-non-cash-items,change-in-accounts-receivable,change-in-inventories,change-in-accounts-payable,change-in-assets-liabilities,total-change-in-assets-liabilities,cash-flow-from-operating-activities,net-change-in-property-plant-equipment,net-change-in-intangible-assets,net-acquisitions-divestitures,net-change-in-short-term-investments,net-change-in-long-term-investments,net-change-in-investments-total,investing-activities-other,cash-flow-from-investing-activities,net-long-term-debt,net-current-debt,debt-issuance-retirement-net-total,net-common-equity-issued-repurchased,net-total-equity-issued-repurchased,total-common-preferred-stock-dividends-paid,financial-activities-other,cash-flow-from-financial-activities,net-cash-flow,stock-based-compensation,common-stock-dividends-paid
0,2018-09-30,55.3,$24.75,2.23,$13.30,4.16,$8.90,6.21,$3.41,16.22,$3.63B,$3.41B,1.06,$0.85B,$0.43B,1.99,$0.23B,$0.19B,83.91%,$0.23B,$0.09B,36.96%,$0.23B,0,0.00%,$0.23B,0,0.00%,$0.23B,$0.09B,36.96%,$0.23B,$0.06B,25.65%,$0.06B,$0.43B,14.08%,$0.06B,$0.36B,17.04%,$0.06B,$4.77B,1.27%,$0.09B,$1.28B,6.67%,$60,$12,$49,$0,$26,$38,$22,$0,$22,$5,$18,$18,$17,$0,$0,$17,17,$1.01,$1.01,$76,$0,$0,$3628,$28,$868,$72,$174,$1143,$4771,$3414,$851,$77,$928,$4343,$1,$347,$-39,$428,$4771,$51,$5,$2,$7,$2,$0,$0,$-2,$0,$58,$-2,$0,$0,$0,$-60,$-60,$-189,$-250,$37,$0,$37,$-1,$-1,$-22,$170,$185,$-7,$2,$-22
1,2018-06-30,58.1,$24.40,2.38,$13.01,4.47,$8.06,7.21,$3.15,18.44,$3.63B,$3.32B,1.09,$0.92B,$0.42B,2.19,$0.23B,$0.19B,84.89%,$0.23B,$0.08B,36.44%,$0.23B,0,0.00%,$0.23B,0,0.00%,$0.23B,$0.08B,36.44%,$0.23B,$0.06B,24.44%,$0.06B,$0.42B,13.24%,$0.06B,$0.35B,16.06%,$0.06B,$4.74B,1.20%,$0.08B,$1.35B,6.47%,$59,$10,$49,$0,$26,$37,$22,$0,$22,$5,$18,$18,$18,$0,$0,$17,17,$1.02,$1.01,$135,$0,$0,$3634,$28,$834,$73,$168,$1103,$4737,$3322,$924,$70,$994,$4316,$1,$337,$-35,$422,$4737,$34,$4,$-4,$-1,$-5,$0,$0,$-5,$-10,$23,$-2,$0,$0,$0,$-19,$-19,$-123,$-144,$110,$0,$110,$-0,$-0,$-14,$78,$173,$52,$1,$-14
2,2018-03-31,53.36,$23.93,2.23,$12.72,4.2,$8.01,6.66,$2.90,18.4,$3.47B,$3.26B,1.07,$0.83B,$0.41B,2.01,$0.22B,$0.19B,85.91%,$0.22B,$0.08B,36.36%,$0.22B,0,0.00%,$0.22B,0,0.00%,$0.22B,$0.08B,36.36%,$0.22B,$0.05B,22.73%,$0.05B,$0.41B,12.15%,$0.05B,$0.34B,14.78%,$0.05B,$4.57B,1.11%,$0.08B,$1.24B,6.37%,$56,$9,$48,$0,$27,$36,$20,$0,$20,$4,$16,$16,$16,$0,$0,$17,17,$0.94,$0.93,$88,$0,$0,$3469,$28,$841,$73,$155,$1098,$4566,$3256,$831,$65,$897,$4153,$1,$327,$-33,$413,$4566,$16,$2,$0,$2,$8,$0,$0,$-4,$3,$22,$-1,$0,$0,$0,$-21,$-21,$-17,$-39,$17,$0,$17,$-0,$-0,$-7,$13,$23,$5,$1,$-7
3,2017-12-31,52.44,$23.99,2.19,$12.38,4.24,$7.75,6.76,$2.65,19.79,$3.46B,$3.24B,1.07,$0.81B,$0.41B,1.97,$0.21B,$0.18B,85.98%,$0.21B,$0.08B,36.45%,$0.21B,0,0.00%,$0.21B,0,0.00%,$0.21B,$0.08B,36.45%,$0.21B,$0.05B,21.50%,$0.05B,$0.41B,11.28%,$0.05B,$0.34B,13.76%,$0.05B,$4.53B,1.04%,$0.08B,$1.23B,6.25%,$55,$8,$47,$0,$26,$34,$21,$0,$21,$13,$8,$8,$8,$0,$0,$17,17,$0.46,$0.45,$83,$0,$0,$3457,$28,$834,$73,$137,$1072,$4530,$3243,$814,$60,$874,$4117,$1,$318,$-24,$413,$4530,$46,$8,$9,$17,$0,$0,$0,$-4,$-4,$59,$-3,$0,$0,$0,$-37,$-37,$-140,$-180,$-58,$0,$-58,$0,$0,$-26,$179,$95,$-25,$3,$-26
4,2017-09-30,55.97,$24.06,2.33,$12.25,4.57,$7.78,7.19,$2.89,19.37,$3.46B,$3.16B,1.1,$0.84B,$0.41B,2.02,$0.21B,$0.18B,86.73%,$0.21B,$0.08B,35.55%,$0.21B,0,0.00%,$0.21B,0,0.00%,$0.21B,$0.08B,35.55%,$0.21B,$0.05B,23.70%,$0.05B,$0.41B,12.43%,$0.05B,$0.34B,15.22%,$0.05B,$4.47B,1.14%,$0.08B,$1.25B,5.96%,$55,$8,$47,$0,$28,$36,$19,$0,$19,$6,$13,$13,$13,$0,$0,$17,17,$0.75,$0.75,$131,$0,$0,$3455,$29,$770,$73,$142,$1014,$4469,$3157,$837,$61,$898,$4055,$1,$312,$-16,$414,$4469,$38,$6,$3,$9,$-0,$0,$0,$-3,$-4,$44,$-2,$0,$0,$0,$32,$32,$-89,$-59,$-35,$0,$-35,$0,$0,$-20,$93,$39,$23,$2,$-20
5,2017-06-30,50.06,$23.59,2.12,$12.00,4.17,$6.95,7.2,$2.86,17.5,$3.33B,$3.02B,1.1,$0.89B,$0.41B,2.2,$0.21B,$0.18B,87.44%,$0.21B,$0.07B,35.75%,$0.21B,0,0.00%,$0.21B,0,0.00%,$0.21B,$0.07B,35.75%,$0.21B,$0.05B,23.67%,$0.05B,$0.41B,12.33%,$0.05B,$0.33B,15.15%,$0.05B,$4.38B,1.13%,$0.07B,$1.30B,6.08%,$54,$7,$47,$0,$27,$34,$20,$0,$20,$7,$13,$13,$13,$0,$0,$17,17,$0.77,$0.76,$120,$0,$0,$3326,$29,$808,$74,$139,$1049,$4376,$3021,$892,$56,$948,$3969,$1,$306,$-18,$406,$4376,$25,$4,$-3,$1,$1,$0,$0,$-5,$-4,$21,$-1,$0,$0,$0,$-7,$-7,$34,$25,$21,$0,$21,$0,$0,$-13,$-43,$-35,$12,$1,$-13
6,2017-03-31,47.53,$23.14,2.05,$11.68,4.07,$6.92,6.87,$2.74,17.35,$3.34B,$3.12B,1.07,$0.82B,$0.40B,2.07,$0.20B,$0.18B,88.06%,$0.20B,$0.07B,34.83%,$0.20B,0,0.00%,$0.20B,0,0.00%,$0.20B,$0.07B,34.83%,$0.20B,$0.05B,23.38%,$0.05B,$0.40B,11.96%,$0.05B,$0.32B,14.75%,$0.05B,$4.39B,1.11%,$0.07B,$1.22B,6.06%,$50,$7,$43,$0,$25,$33,$18,$0,$18,$6,$12,$12,$12,$0,$0,$17,17,$0.68,$0.68,$114,$0,$0,$3338,$29,$813,$74,$135,$1051,$4389,$3116,$821,$54,$875,$3991,$1,$300,$-19,$398,$4389,$12,$2,$1,$3,$4,$0,$0,$-2,$2,$17,$-1,$0,$0,$0,$-15,$-15,$9,$-6,$-50,$0,$-50,$0,$0,$-6,$52,$-4,$6,$1,$-6
7,2016-12-31,53.63,$22.76,2.36,$11.55,4.64,$7.26,7.39,$2.70,19.86,$3.39B,$3.06B,1.11,$0.87B,$0.39B,2.23,$0.20B,$0.18B,88.44%,$0.20B,$0.07B,34.17%,$0.20B,0,0.00%,$0.20B,0,0.00%,$0.20B,$0.07B,34.17%,$0.20B,$0.05B,23.12%,$0.05B,$0.39B,11.83%,$0.05B,$0.32B,14.64%,$0.05B,$4.38B,1.13%,$0.07B,$1.26B,6.33%,$52,$6,$46,$0,$28,$34,$18,$0,$18,$6,$12,$12,$12,$0,$0,$17,17,$0.71,$0.70,$151,$0,$0,$3389,$29,$756,$74,$134,$992,$4381,$3064,$872,$55,$927,$3990,$1,$294,$-20,$391,$4381,$46,$8,$7,$15,$6,$0,$0,$-7,$-1,$60,$-3,$0,$0,$0,$-394,$-394,$-228,$-625,$470,$0,$470,$1,$1,$-25,$129,$576,$10,$2,$-25
8,2016-09-30,38.23,$23.11,1.65,$11.24,3.4,$6.71,5.7,$2.62,14.59,$3.33B,$3.04B,1.1,$0.69B,$0.40B,1.76,$0.19B,$0.17B,88.14%,$0.19B,$0.07B,34.02%,$0.19B,0,0.00%,$0.19B,0,0.00%,$0.19B,$0.07B,34.02%,$0.19B,$0.05B,23.20%,$0.05B,$0.40B,11.70%,$0.05B,$0.32B,14.52%,$0.05B,$4.20B,1.14%,$0.07B,$1.09B,6.93%,$51,$6,$45,$0,$26,$32,$18,$0,$18,$6,$12,$12,$12,$0,$0,$17,17,$0.72,$0.72,$129,$0,$0,$3330,$29,$618,$75,$152,$874,$4204,$3037,$694,$77,$771,$3809,$1,$289,$-8,$395,$4204,$34,$6,$3,$8,$-8,$0,$0,$-6,$-14,$29,$-2,$0,$0,$0,$-198,$-198,$-175,$-375,$293,$0,$293,$0,$0,$-18,$103,$378,$32,$2,$-18
9,2016-06-30,35.71,$22.73,1.57,$10.96,3.26,$7.78,4.59,$2.50,14.29,$3.21B,$2.79B,1.15,$0.66B,$0.39B,1.71,$0.19B,$0.17B,88.30%,$0.19B,$0.06B,34.04%,$0.19B,0,0.00%,$0.19B,0,0.00%,$0.19B,$0.06B,33.51%,$0.19B,$0.04B,22.87%,$0.04B,$0.39B,11.35%,$0.04B,$0.31B,14.17%,$0.04B,$3.92B,1.13%,$0.06B,$1.05B,7.33%,$48,$5,$43,$0,$26,$32,$16,$0,$16,$5,$11,$11,$11,$0,$0,$17,17,$0.65,$0.64,$120,$0,$0,$3214,$30,$454,$75,$145,$704,$3917,$2789,$663,$77,$739,$3529,$1,$283,$-8,$388,$3917,$22,$3,$-4,$-1,$4,$0,$0,$-5,$-0,$21,$-2,$0,$0,$0,$-33,$-33,$-68,$-103,$261,$0,$261,$-0,$-0,$-12,$-145,$104,$22,$1,$-12
10,2016-03-31,34.81,$22.40,1.55,$10.92,3.19,$8.21,4.24,$2.54,13.7,$3.14B,$2.88B,1.09,$0.51B,$0.38B,1.34,$0.19B,$0.16B,87.70%,$0.19B,$0.07B,34.76%,$0.19B,0,0.00%,$0.19B,0,0.00%,$0.19B,$0.06B,34.22%,$0.19B,$0.04B,23.53%,$0.04B,$0.38B,11.84%,$0.04B,$0.31B,14.69%,$0.04B,$3.84B,1.18%,$0.07B,$0.89B,7.89%,$48,$5,$42,$0,$26,$31,$16,$0,$16,$5,$11,$11,$11,$0,$0,$17,17,$0.64,$0.64,$95,$0,$0,$3139,$30,$457,$75,$138,$700,$3838,$2880,$510,$67,$577,$3457,$1,$278,$-9,$381,$3838,$11,$2,$1,$2,$15,$0,$0,$-5,$10,$23,$-1,$0,$0,$0,$-37,$-37,$-35,$-74,$108,$0,$108,$0,$0,$-6,$-55,$48,$-3,$1,$-6
11,2015-12-31,36.51,$22.06,1.66,$10.81,3.38,$7.41,4.93,$2.55,14.32,$3.12B,$2.93B,1.06,$0.40B,$0.38B,1.07,$0.18B,$0.16B,88.04%,$0.18B,$0.07B,35.33%,$0.18B,0,0.00%,$0.18B,0,0.00%,$0.18B,$0.06B,34.78%,$0.18B,$0.04B,23.91%,$0.04B,$0.38B,12.06%,$0.04B,$0.30B,14.88%,$0.04B,$3.77B,1.20%,$0.07B,$0.78B,8.21%,$47,$5,$41,$0,$25,$30,$16,$-0,$16,$5,$11,$11,$11,$0,$0,$17,17,$0.64,$0.61,$98,$0,$0,$3122,$30,$419,$76,$125,$649,$3772,$2934,$402,$60,$462,$3396,$1,$273,$-10,$375,$3772,$43,$6,$4,$10,$5,$0,$0,$-6,$-1,$52,$-5,$0,$-2,$0,$-5,$-5,$-154,$-166,$-27,$0,$-27,$2,$2,$-23,$179,$131,$17,$2,$-23
12,2015-09-30,35.23,$21.82,1.61,$10.79,3.27,$4.51,7.8,$2.59,13.6,$3.07B,$2.84B,1.08,$0.40B,$0.37B,1.09,$0.18B,$0.16B,87.98%,$0.18B,$0.07B,35.52%,$0.18B,0,0.00%,$0.18B,0,0.00%,$0.18B,$0.06B,34.97%,$0.18B,$0.04B,24.04%,$0.04B,$0.37B,12.31%,$0.04B,$0.30B,15.09%,$0.04B,$3.68B,1.21%,$0.07B,$0.78B,8.21%,$45,$6,$40,$0,$24,$30,$16,$-1,$15,$5,$10,$10,$10,$0,$0,$17,17,$0.60,$0.60,$110,$0,$0,$3065,$28,$383,$76,$123,$610,$3675,$2836,$404,$64,$468,$3304,$1,$268,$-8,$371,$3675,$33,$4,$1,$5,$13,$0,$0,$-2,$11,$48,$-3,$0,$-2,$0,$36,$36,$-91,$-60,$-25,$0,$-25,$1,$1,$-17,$82,$41,$30,$2,$-17
13,2015-06-30,35.85,$21.34,1.68,$10.71,3.35,$1.70,21.07,$2.61,13.74,$3.02B,$2.74B,1.1,$0.49B,$0.36B,1.38,$0.18B,$0.16B,87.85%,$0.18B,$0.06B,35.36%,$0.18B,0,0.00%,$0.18B,0,0.00%,$0.18B,$0.06B,35.36%,$0.18B,$0.05B,24.86%,$0.05B,$0.36B,12.78%,$0.05B,$0.30B,15.57%,$0.05B,$3.64B,1.26%,$0.06B,$0.85B,8.47%,$47,$5,$41,$0,$24,$29,$17,$-0,$17,$5,$12,$12,$12,$0,$0,$17,17,$0.68,$0.68,$84,$0,$0,$3022,$28,$412,$63,$120,$622,$3644,$2739,$494,$52,$546,$3285,$1,$264,$-9,$359,$3644,$23,$3,$0,$3,$7,$0,$0,$-4,$3,$29,$-2,$0,$0,$0,$7,$7,$-69,$-64,$65,$0,$65,$1,$1,$-11,$-16,$39,$4,$1,$-11
14,2015-03-31,34.38,$21.10,1.63,$10.47,3.28,$0.03,990.91,$2.51,13.7,$2.99B,$2.78B,1.07,$0.41B,$0.35B,1.16,$0.18B,$0.16B,88.07%,$0.18B,$0.06B,34.66%,$0.18B,0,0.00%,$0.18B,0,0.00%,$0.18B,$0.06B,34.66%,$0.18B,$0.04B,24.43%,$0.04B,$0.35B,12.36%,$0.04B,$0.29B,15.10%,$0.04B,$3.60B,1.24%,$0.06B,$0.76B,8.53%,$45,$6,$40,$0,$23,$29,$16,$0,$16,$5,$11,$11,$11,$0,$0,$17,17,$0.65,$0.65,$89,$0,$0,$2989,$28,$403,$63,$120,$614,$3603,$2783,$409,$57,$465,$3249,$1,$258,$-8,$354,$3603,$11,$1,$0,$2,$-2,$0,$0,$-2,$-3,$9,$-1,$0,$0,$0,$19,$19,$-21,$-4,$-20,$0,$-20,$1,$1,$-5,$28,$3,$9,$1,$-5
15,2014-12-31,35.86,$20.68,1.73,$10.70,3.35,$-0.43,0.0,$2.41,14.88,$2.96B,$2.76B,1.07,$0.43B,$0.35B,1.24,$0.18B,$0.16B,87.78%,$0.18B,$0.06B,32.78%,$0.18B,0,0.00%,$0.18B,0,0.00%,$0.18B,$0.06B,32.78%,$0.18B,$0.04B,22.78%,$0.04B,$0.35B,11.94%,$0.04B,$0.28B,14.64%,$0.04B,$3.59B,1.21%,$0.06B,$0.78B,8.88%,$46,$6,$40,$0,$23,$29,$16,$0,$16,$5,$11,$11,$11,$0,$0,$17,17,$0.66,$0.66,$80,$0,$0,$2957,$27,$421,$63,$119,$630,$3587,$2755,$429,$57,$486,$3241,$1,$253,$-9,$346,$3587,$41,$5,$-2,$3,$-35,$0,$0,$-5,$-41,$3,$-5,$0,$7,$0,$40,$40,$-400,$-357,$118,$0,$118,$1,$1,$-20,$250,$350,$-5,$2,$-20
16,2014-09-30,29.21,$20.85,1.4,$10.66,2.74,$4.42,6.61,$2.33,12.54,$2.77B,$2.74B,1.01,$0.28B,$0.35B,0.82,$0.18B,$0.16B,88.20%,$0.18B,$0.06B,32.02%,$0.18B,0,0.00%,$0.18B,0,0.00%,$0.18B,$0.06B,32.02%,$0.18B,$0.04B,22.47%,$0.04B,$0.35B,11.78%,$0.04B,$0.29B,14.51%,$0.04B,$3.42B,1.22%,$0.06B,$0.63B,9.04%,$43,$5,$38,$0,$22,$28,$15,$0,$15,$5,$11,$11,$11,$0,$0,$17,17,$0.63,$0.62,$90,$0,$0,$2772,$26,$440,$63,$114,$644,$3416,$2739,$284,$44,$328,$3067,$1,$247,$0,$349,$3416,$30,$4,$-5,$-1,$-25,$0,$0,$-4,$-28,$0,$-3,$0,$7,$0,$22,$22,$-215,$-189,$-26,$0,$-26,$1,$1,$-14,$234,$194,$5,$1,$-14
17,2014-06-30,32.25,$20.56,1.57,$10.89,2.96,$8.49,3.8,$2.30,14.02,$2.73B,$2.59B,1.05,$0.35B,$0.34B,1.0,$0.18B,$0.16B,87.91%,$0.18B,$0.06B,31.32%,$0.18B,0,0.00%,$0.18B,0,0.00%,$0.18B,$0.06B,31.32%,$0.18B,$0.04B,21.43%,$0.04B,$0.34B,11.70%,$0.04B,$0.28B,14.47%,$0.04B,$3.32B,1.22%,$0.06B,$0.69B,9.03%,$42,$5,$37,$0,$23,$28,$14,$0,$14,$5,$10,$10,$10,$0,$0,$17,17,$0.59,$0.58,$149,$0,$0,$2725,$27,$393,$63,$109,$592,$3317,$2586,$345,$43,$387,$2974,$1,$242,$1,$343,$3317,$19,$2,$-5,$-3,$-11,$0,$0,$-4,$-15,$1,$-3,$0,$7,$0,$71,$71,$-118,$-43,$34,$0,$34,$0,$0,$-9,$81,$106,$64,$1,$-9
18,2014-03-31,32.61,$20.19,1.61,$11.09,2.94,$10.76,3.03,$2.26,14.43,$2.57B,$2.59B,0.99,$0.23B,$0.34B,0.67,$0.19B,$0.16B,87.57%,$0.19B,$0.06B,30.27%,$0.19B,0,0.00%,$0.19B,0,0.00%,$0.19B,$0.06B,30.27%,$0.19B,$0.04B,20.54%,$0.04B,$0.34B,11.76%,$0.04B,$0.27B,14.66%,$0.04B,$3.19B,1.21%,$0.06B,$0.56B,8.83%,$49,$5,$43,$0,$29,$35,$14,$0,$14,$4,$9,$9,$9,$0,$0,$17,17,$0.56,$0.55,$108,$0,$0,$2570,$26,$428,$63,$107,$624,$3194,$2592,$226,$41,$267,$2858,$1,$237,$-1,$336,$3194,$9,$1,$-6,$-5,$1,$0,$0,$-4,$-3,$1,$-1,$0,$7,$0,$34,$34,$-16,$24,$-85,$0,$-85,$0,$0,$-5,$86,$-2,$23,$0,$-5
19,2013-12-31,32.14,$19.84,1.62,$10.75,2.99,$12.17,2.64,$2.16,14.88,$2.53B,$2.51B,1.01,$0.31B,$0.33B,0.94,$0.18B,$0.16B,87.08%,$0.18B,$0.05B,29.78%,$0.18B,0,0.00%,$0.18B,0,0.00%,$0.18B,$0.05B,29.78%,$0.18B,$0.04B,20.22%,$0.04B,$0.33B,11.45%,$0.04B,$0.27B,14.37%,$0.04B,$3.19B,1.16%,$0.05B,$0.64B,7.99%,$44,$6,$39,$0,$24,$30,$14,$0,$14,$4,$10,$10,$10,$0,$0,$17,17,$0.59,$0.58,$85,$0,$0,$2532,$25,$461,$64,$107,$657,$3189,$2505,$311,$43,$354,$2859,$1,$233,$-2,$330,$3189,$36,$5,$8,$14,$33,$0,$0,$-3,$30,$80,$-1,$0,$0,$0,$-16,$-16,$-167,$-184,$-83,$0,$-83,$4,$4,$-17,$193,$97,$-7,$2,$-17
20,2013-09-30,26.94,$19.51,1.38,$11.00,2.45,$7.59,3.55,$2.13,12.65,$2.48B,$2.46B,1.01,$0.31B,$0.32B,0.96,$0.18B,$0.16B,86.26%,$0.18B,$0.05B,28.57%,$0.18B,0,0.00%,$0.18B,0,0.00%,$0.18B,$0.05B,28.57%,$0.18B,$0.04B,19.23%,$0.04B,$0.32B,11.44%,$0.04B,$0.26B,14.48%,$0.04B,$3.13B,1.14%,$0.05B,$0.64B,7.70%,$47,$6,$41,$0,$26,$32,$15,$0,$15,$5,$10,$10,$10,$0,$0,$17,17,$0.60,$0.59,$140,$0,$0,$2479,$26,$457,$64,$106,$653,$3132,$2455,$312,$42,$354,$2808,$1,$227,$-1,$324,$3132,$26,$4,$5,$9,$32,$0,$0,$-1,$31,$66,$-1,$0,$0,$0,$-10,$-10,$-58,$-69,$-83,$0,$-83,$3,$3,$-12,$143,$50,$47,$1,$-12
21,2013-06-30,24.25,$18.40,1.32,$11.08,2.19,$4.06,5.97,$2.08,11.66,$2.47B,$2.31B,1.07,$0.40B,$0.30B,1.31,$0.18B,$0.16B,85.71%,$0.18B,$0.05B,27.47%,$0.18B,0,0.00%,$0.18B,0,0.00%,$0.18B,$0.05B,27.47%,$0.18B,$0.03B,18.68%,$0.03B,$0.30B,11.35%,$0.03B,$0.24B,14.45%,$0.03B,$3.06B,1.11%,$0.05B,$0.70B,7.10%,$45,$6,$39,$0,$26,$32,$13,$0,$13,$4,$9,$9,$9,$0,$0,$16,17,$0.54,$0.54,$84,$0,$0,$2470,$26,$388,$64,$113,$592,$3061,$2305,$396,$57,$453,$2758,$1,$222,$-13,$303,$3061,$16,$3,$4,$7,$18,$0,$0,$-4,$14,$37,$-1,$0,$0,$0,$60,$60,$-90,$-31,$1,$0,$1,$1,$1,$-8,$-8,$-14,$-9,$1,$-8
22,2013-03-31,23.07,$18.34,1.26,$11.18,2.06,$3.36,6.86,$2.07,11.15,$2.42B,$2.32B,1.04,$0.37B,$0.30B,1.24,$0.18B,$0.16B,85.25%,$0.18B,$0.05B,27.32%,$0.18B,0,0.00%,$0.18B,0,0.00%,$0.18B,$0.05B,27.32%,$0.18B,$0.03B,18.58%,$0.03B,$0.30B,11.45%,$0.03B,$0.24B,14.62%,$0.03B,$3.05B,1.11%,$0.05B,$0.68B,6.74%,$42,$6,$36,$0,$25,$31,$11,$0,$11,$3,$7,$7,$7,$0,$0,$16,16,$0.45,$0.45,$99,$0,$0,$2421,$27,$425,$64,$115,$631,$3052,$2320,$374,$56,$431,$2751,$1,$217,$-9,$301,$3052,$7,$1,$3,$5,$20,$0,$0,$-9,$11,$24,$-0,$0,$0,$0,$29,$29,$-29,$-0,$-21,$0,$-21,$1,$1,$-4,$7,$-17,$6,$1,$-4
23,2012-12-31,21.97,$18.05,1.22,$11.36,1.93,$2.73,8.06,$2.13,10.32,$2.41B,$2.31B,1.04,$0.40B,$0.30B,1.34,$0.19B,$0.16B,84.41%,$0.19B,$0.05B,27.42%,$0.19B,0,0.00%,$0.19B,0,0.00%,$0.19B,$0.05B,27.42%,$0.19B,$0.04B,18.82%,$0.04B,$0.30B,11.91%,$0.04B,$0.23B,15.28%,$0.04B,$3.07B,1.15%,$0.05B,$0.69B,6.54%,$48,$7,$41,$0,$28,$35,$13,$0,$13,$4,$9,$9,$9,$0,$0,$16,16,$0.55,$0.55,$93,$0,$0,$2406,$27,$456,$64,$118,$666,$3072,$2313,$395,$68,$464,$2776,$1,$214,$-10,$296,$3072,$35,$6,$2,$8,$-29,$0,$0,$-8,$-38,$5,$-4,$0,$0,$0,$173,$173,$-144,$25,$-198,$0,$-198,$1,$1,$-15,$187,$-25,$6,$2,$-15
24,2012-09-30,21.74,$18.23,1.19,$11.22,1.94,$4.75,4.58,$2.05,10.6,$2.32B,$2.24B,1.04,$0.45B,$0.30B,1.51,$0.18B,$0.15B,83.61%,$0.18B,$0.05B,26.78%,$0.18B,0,0.00%,$0.18B,0,0.00%,$0.18B,$0.05B,26.78%,$0.18B,$0.03B,18.58%,$0.03B,$0.30B,11.72%,$0.03B,$0.23B,15.09%,$0.03B,$3.05B,1.12%,$0.05B,$0.75B,5.94%,$47,$8,$40,$0,$27,$34,$13,$0,$13,$4,$9,$9,$9,$0,$0,$16,16,$0.54,$0.54,$54,$0,$0,$2315,$27,$524,$64,$118,$734,$3049,$2235,$451,$65,$516,$2750,$1,$209,$-2,$298,$3049,$26,$5,$1,$6,$-17,$0,$0,$-6,$-23,$9,$-3,$0,$0,$0,$108,$108,$-104,$1,$-142,$0,$-142,$1,$1,$-11,$108,$-44,$-33,$1,$-11
25,2012-06-30,19.99,$17.89,1.12,$11.02,1.81,$5.47,3.66,$1.97,10.15,$2.28B,$2.13B,1.07,$0.56B,$0.29B,1.9,$0.18B,$0.15B,82.68%,$0.18B,$0.05B,26.26%,$0.18B,0,0.00%,$0.18B,0,0.00%,$0.18B,$0.05B,26.26%,$0.18B,$0.03B,18.44%,$0.03B,$0.29B,11.51%,$0.03B,$0.23B,14.88%,$0.03B,$3.04B,1.09%,$0.05B,$0.85B,5.55%,$46,$8,$39,$0,$26,$34,$13,$0,$13,$4,$9,$9,$9,$0,$0,$16,16,$0.53,$0.53,$71,$0,$0,$2278,$27,$557,$65,$115,$764,$3041,$2130,$557,$60,$618,$2748,$1,$204,$-2,$293,$3041,$17,$3,$1,$4,$9,$0,$0,$-6,$3,$24,$0,$0,$0,$0,$77,$77,$-80,$-3,$-36,$0,$-36,$1,$1,$-7,$4,$-38,$-16,$1,$-7
26,2012-03-31,19.61,$17.61,1.11,$10.87,1.8,$5.30,3.7,$1.90,10.32,$2.23B,$2.15B,1.04,$0.54B,$0.29B,1.87,$0.18B,$0.14B,80.79%,$0.18B,$0.05B,25.42%,$0.18B,0,0.00%,$0.18B,0,0.00%,$0.18B,$0.05B,25.42%,$0.18B,$0.03B,18.08%,$0.03B,$0.29B,11.28%,$0.03B,$0.22B,14.63%,$0.03B,$3.03B,1.07%,$0.05B,$0.83B,5.25%,$45,$8,$37,$0,$24,$32,$12,$0,$12,$4,$8,$8,$8,$0,$0,$16,16,$0.51,$0.51,$84,$0,$0,$2226,$27,$599,$65,$112,$803,$3029,$2146,$539,$56,$595,$2741,$1,$199,$-1,$288,$3029,$8,$1,$1,$3,$10,$0,$0,$-7,$3,$14,$-2,$0,$0,$0,$36,$36,$-14,$20,$-54,$0,$-54,$1,$1,$-4,$19,$-38,$-3,$0,$-4
27,2011-12-31,19.2,$17.27,1.11,$10.70,1.79,$5.76,3.33,$1.81,10.61,$2.23B,$2.13B,1.05,$0.59B,$0.28B,2.11,$0.17B,$0.14B,79.31%,$0.17B,$0.04B,24.71%,$0.17B,0,0.00%,$0.17B,0,0.00%,$0.17B,$0.04B,24.71%,$0.17B,$0.03B,17.82%,$0.03B,$0.28B,11.06%,$0.03B,$0.22B,14.42%,$0.03B,$3.06B,1.05%,$0.04B,$0.88B,5.06%,$45,$8,$37,$0,$26,$34,$11,$0,$11,$3,$8,$8,$8,$0,$0,$16,16,$0.48,$0.48,$87,$0,$0,$2225,$26,$635,$65,$113,$839,$3064,$2126,$593,$63,$656,$2783,$1,$194,$-2,$281,$3064,$30,$6,$4,$10,$-3,$0,$0,$0,$-3,$37,$-2,$0,$0,$0,$-0,$-0,$-156,$-159,$38,$0,$38,$2,$2,$-14,$90,$116,$-6,$1,$-14
28,2011-09-30,15.77,$17.54,0.9,$10.63,1.48,$5.46,2.89,$1.78,8.86,$2.15B,$2.09B,1.03,$0.55B,$0.29B,1.92,$0.17B,$0.14B,78.03%,$0.17B,$0.04B,24.28%,$0.17B,0,0.00%,$0.17B,0,0.00%,$0.17B,$0.04B,24.28%,$0.17B,$0.03B,17.34%,$0.03B,$0.29B,10.82%,$0.03B,$0.22B,14.17%,$0.03B,$2.97B,1.02%,$0.04B,$0.83B,5.01%,$43,$9,$35,$0,$23,$33,$11,$0,$11,$3,$8,$8,$8,$0,$0,$16,16,$0.46,$0.46,$68,$0,$0,$2149,$25,$624,$65,$107,$821,$2970,$2086,$548,$50,$598,$2684,$1,$190,$7,$285,$2970,$22,$4,$4,$8,$-9,$0,$0,$-2,$-12,$18,$-1,$0,$0,$0,$16,$16,$-92,$-77,$-7,$0,$-7,$1,$1,$-11,$50,$34,$-25,$1,$-11
29,2011-06-30,18.11,$17.30,1.05,$10.73,1.69,$5.09,3.56,$1.71,10.59,$2.11B,$2.00B,1.06,$0.61B,$0.28B,2.18,$0.18B,$0.13B,76.57%,$0.18B,$0.04B,22.86%,$0.18B,0,0.00%,$0.18B,0,0.00%,$0.18B,$0.04B,22.86%,$0.18B,$0.03B,16.00%,$0.03B,$0.28B,10.27%,$0.03B,$0.22B,13.53%,$0.03B,$2.94B,0.96%,$0.04B,$0.90B,4.82%,$44,$9,$34,$0,$23,$33,$11,$0,$11,$3,$8,$8,$8,$0,$0,$16,16,$0.46,$0.46,$72,$0,$0,$2108,$25,$634,$65,$104,$828,$2936,$1996,$613,$45,$659,$2655,$1,$186,$7,$281,$2936,$14,$3,$3,$5,$5,$0,$0,$-4,$1,$21,$0,$0,$0,$0,$7,$7,$-62,$-55,$58,$0,$58,$1,$1,$-7,$-40,$12,$-21,$1,$-7
30,2011-03-31,18.54,$16.87,1.1,$10.65,1.74,$4.72,3.92,$1.58,11.73,$2.08B,$2.05B,1.01,$0.52B,$0.27B,1.91,$0.17B,$0.13B,75.14%,$0.17B,$0.04B,21.39%,$0.17B,0,0.00%,$0.17B,0,0.00%,$0.17B,$0.04B,21.39%,$0.17B,$0.03B,14.45%,$0.03B,$0.27B,9.30%,$0.03B,$0.21B,12.33%,$0.03B,$2.89B,0.86%,$0.04B,$0.80B,4.41%,$42,$10,$32,$0,$22,$32,$10,$0,$10,$3,$7,$7,$7,$0,$0,$16,16,$0.42,$0.42,$74,$0,$0,$2078,$26,$618,$66,$104,$814,$2892,$2049,$524,$46,$570,$2618,$1,$182,$4,$274,$2892,$7,$1,$2,$3,$11,$0,$0,$-0,$11,$21,$-1,$0,$0,$0,$18,$18,$-35,$-18,$-31,$0,$-31,$1,$1,$-3,$13,$-21,$-18,$0,$-3
31,2010-12-31,16.93,$16.63,1.02,$10.66,1.59,$4.34,3.9,$1.48,11.44,$2.07B,$2.04B,1.02,$0.56B,$0.27B,2.07,$0.17B,$0.13B,73.26%,$0.17B,$0.03B,19.77%,$0.17B,0,0.00%,$0.17B,0,0.00%,$0.17B,$0.03B,19.77%,$0.17B,$0.02B,13.37%,$0.02B,$0.27B,8.67%,$0.02B,$0.20B,11.56%,$0.02B,$2.91B,0.79%,$0.03B,$0.82B,3.94%,$44,$10,$34,$0,$23,$33,$10,$0,$10,$3,$7,$7,$7,$0,$0,$16,16,$0.45,$0.45,$93,$0,$0,$2074,$26,$636,$66,$108,$836,$2910,$2036,$555,$49,$604,$2641,$1,$179,$4,$269,$2910,$24,$5,$5,$10,$-4,$0,$0,$1,$-4,$30,$-1,$0,$0,$0,$96,$96,$-85,$10,$-107,$0,$-107,$2,$2,$-14,$113,$-5,$35,$1,$-14
32,2010-09-30,14.65,$16.55,0.89,$10.61,1.38,$2.61,5.62,$1.34,10.93,$2.10B,$2.10B,1.0,$0.54B,$0.27B,2.0,$0.17B,$0.12B,70.18%,$0.17B,$0.03B,18.13%,$0.17B,0,0.00%,$0.17B,0,0.00%,$0.17B,$0.03B,18.13%,$0.17B,$0.02B,12.28%,$0.02B,$0.27B,8.02%,$0.02B,$0.20B,10.76%,$0.02B,$2.91B,0.72%,$0.03B,$0.80B,3.50%,$45,$11,$34,$0,$24,$35,$9,$0,$9,$3,$6,$6,$6,$0,$0,$16,16,$0.39,$0.39,$88,$0,$0,$2101,$27,$619,$66,$96,$808,$2909,$2103,$535,$0,$535,$2642,$1,$175,$7,$267,$2909,$17,$4,$4,$8,$-11,$0,$0,$-0,$-12,$13,$-1,$0,$0,$0,$120,$120,$-99,$19,$-127,$0,$-127,$1,$1,$-10,$134,$-2,$30,$1,$-10
33,2010-06-30,12.91,$16.48,0.78,$10.54,1.23,$2.74,4.71,$1.26,10.25,$2.03B,$1.99B,1.02,$0.67B,$0.27B,2.52,$0.17B,$0.11B,67.46%,$0.17B,$0.03B,17.16%,$0.17B,0,0.00%,$0.17B,0,0.00%,$0.17B,$0.03B,17.16%,$0.17B,$0.02B,11.83%,$0.02B,$0.27B,7.75%,$0.02B,$0.20B,10.46%,$0.02B,$2.93B,0.69%,$0.03B,$0.93B,3.15%,$42,$12,$30,$0,$22,$35,$8,$0,$8,$2,$5,$5,$5,$0,$0,$16,16,$0.33,$0.33,$64,$0,$0,$2026,$27,$718,$66,$92,$903,$2930,$1992,$669,$0,$669,$2664,$1,$172,$9,$265,$2930,$10,$2,$3,$5,$1,$0,$0,$-1,$0,$16,$-1,$0,$0,$0,$23,$23,$-60,$-38,$7,$0,$7,$1,$1,$-7,$27,$29,$7,$0,$-7
34,2010-03-31,13.97,$16.14,0.87,$10.73,1.3,$2.34,5.96,$1.16,12.04,$1.96B,$2.00B,0.98,$0.63B,$0.26B,2.43,$0.17B,$0.11B,65.70%,$0.17B,$0.03B,15.12%,$0.17B,0,0.00%,$0.17B,0,0.00%,$0.17B,$0.03B,15.12%,$0.17B,$0.02B,11.05%,$0.02B,$0.26B,7.53%,$0.02B,$0.19B,10.26%,$0.02B,$2.90B,0.66%,$0.03B,$0.89B,2.78%,$41,$13,$28,$0,$21,$34,$7,$0,$7,$2,$5,$5,$5,$0,$0,$16,16,$0.32,$0.32,$35,$0,$0,$1959,$27,$759,$67,$84,$938,$2896,$2002,$632,$0,$632,$2637,$1,$170,$5,$260,$2896,$5,$1,$1,$2,$5,$0,$0,$2,$7,$14,$-1,$0,$0,$0,$-23,$-23,$-19,$-42,$-30,$0,$-30,$1,$1,$-3,$38,$5,$-22,$0,$-3
35,2009-12-31,11.55,$15.89,0.73,$10.74,1.08,$1.54,7.5,$1.01,11.43,$1.96B,$1.92B,1.02,$0.66B,$0.26B,2.6,$0.17B,$0.11B,63.37%,$0.17B,$0.02B,13.37%,$0.17B,0,0.00%,$0.17B,0,0.00%,$0.17B,$0.02B,13.37%,$0.17B,$0.02B,9.88%,$0.02B,$0.26B,6.88%,$0.02B,$0.19B,9.46%,$0.02B,$2.88B,0.58%,$0.02B,$0.92B,2.38%,$43,$14,$28,$0,$21,$36,$7,$0,$7,$2,$5,$5,$5,$0,$0,$16,16,$0.29,$0.29,$57,$0,$0,$1959,$28,$733,$67,$97,$925,$2884,$1923,$662,$45,$707,$2630,$1,$169,$3,$255,$2884,$16,$5,$8,$13,$-7,$0,$0,$-15,$-22,$7,$-5,$0,$-3,$0,$190,$190,$-85,$97,$-225,$0,$-225,$2,$2,$-13,$132,$-105,$-1,$1,$-13
36,2009-09-30,12.81,$15.73,0.81,$11.14,1.15,$3.30,3.89,$1.00,12.81,$1.95B,$1.94B,1.0,$0.69B,$0.25B,2.74,$0.17B,$0.11B,61.63%,$0.17B,$0.02B,11.63%,$0.17B,0,0.00%,$0.17B,0,0.00%,$0.17B,$0.02B,11.63%,$0.17B,$0.02B,9.30%,$0.02B,$0.25B,6.61%,$0.02B,$0.19B,9.17%,$0.02B,$2.89B,0.55%,$0.02B,$0.94B,1.97%,$43,$15,$28,$0,$21,$36,$7,$0,$7,$2,$5,$5,$5,$0,$0,$16,16,$0.31,$0.31,$48,$0,$0,$1945,$26,$775,$67,$75,$943,$2888,$1942,$690,$0,$690,$2636,$1,$167,$2,$252,$2888,$11,$4,$7,$11,$-3,$0,$0,$-4,$-6,$16,$-3,$0,$-3,$0,$152,$152,$-72,$75,$-197,$0,$-197,$1,$1,$-10,$104,$-102,$-10,$1,$-10
37,2009-06-30,12.89,$15.14,0.85,$11.83,1.09,$4.02,3.21,$1.13,11.41,$1.93B,$1.93B,1.0,$0.74B,$0.24B,3.07,$0.18B,$0.11B,60.00%,$0.18B,$0.02B,12.00%,$0.18B,0,0.00%,$0.18B,0,0.00%,$0.18B,$0.02B,12.00%,$0.18B,$0.02B,9.71%,$0.02B,$0.24B,7.55%,$0.02B,$0.18B,10.78%,$0.02B,$2.92B,0.59%,$0.02B,$0.99B,2.04%,$45,$16,$29,$0,$23,$40,$5,$0,$5,$1,$4,$4,$4,$0,$0,$16,16,$0.24,$0.23,$50,$0,$0,$1931,$26,$818,$68,$77,$988,$2920,$1931,$743,$0,$743,$2678,$1,$166,$-6,$242,$2920,$6,$2,$5,$8,$-2,$0,$0,$-3,$-4,$10,$-2,$0,$-3,$0,$97,$97,$-55,$38,$-143,$0,$-143,$1,$1,$-7,$93,$-56,$-8,$0,$-7
38,2009-03-31,11.62,$14.97,0.78,$12.44,0.93,$4.19,2.77,$1.35,8.61,$1.91B,$1.93B,0.99,$0.78B,$0.24B,3.26,$0.18B,$0.10B,59.09%,$0.18B,$0.03B,14.20%,$0.18B,0,0.00%,$0.18B,0,0.00%,$0.18B,$0.03B,14.20%,$0.18B,$0.02B,10.80%,$0.02B,$0.24B,8.99%,$0.02B,$0.17B,13.08%,$0.02B,$2.95B,0.67%,$0.03B,$1.02B,2.37%,$41,$17,$24,$0,$20,$38,$4,$0,$4,$1,$3,$3,$3,$0,$0,$16,16,$0.17,$0.17,$45,$0,$0,$1905,$25,$876,$68,$74,$1042,$2947,$1928,$777,$0,$777,$2708,$1,$165,$-8,$239,$2947,$3,$1,$3,$5,$-4,$0,$0,$1,$-6,$1,$-0,$0,$-3,$0,$36,$36,$-28,$5,$-110,$0,$-110,$0,$0,$-3,$93,$-19,$-13,$0,$-3
39,2008-12-31,13.95,$14.75,0.95,$13.24,1.05,$4.49,3.11,$1.61,8.66,$1.89B,$1.84B,1.03,$0.89B,$0.24B,3.78,$0.18B,$0.11B,58.56%,$0.18B,$0.03B,16.57%,$0.18B,0,0.00%,$0.18B,0,0.00%,$0.18B,$0.03B,16.57%,$0.18B,$0.02B,12.15%,$0.02B,$0.24B,11.04%,$0.02B,$0.17B,16.30%,$0.02B,$2.97B,0.80%,$0.03B,$1.12B,2.92%,$43,$19,$25,$0,$20,$39,$4,$0,$4,$0,$4,$4,$4,$0,$0,$14,14,$0.27,$0.25,$58,$0,$0,$1887,$25,$908,$68,$77,$1078,$2965,$1838,$889,$0,$889,$2730,$1,$165,$-10,$235,$2965,$22,$5,$3,$8,$-1,$0,$0,$-0,$-1,$29,$-3,$0,$-15,$0,$-134,$-134,$-267,$-419,$225,$0,$225,$48,$48,$-11,$145,$407,$17,$1,$-11
40,2008-09-30,18.59,$13.76,1.35,$13.57,1.37,$4.53,4.1,$1.75,10.62,$1.81B,$1.77B,1.02,$0.81B,$0.19B,4.39,$0.18B,$0.11B,58.15%,$0.18B,$0.04B,19.02%,$0.18B,0,0.00%,$0.18B,0,0.00%,$0.18B,$0.03B,18.48%,$0.18B,$0.02B,13.04%,$0.02B,$0.19B,12.82%,$0.02B,$0.12B,19.28%,$0.02B,$2.77B,0.91%,$0.04B,$1.00B,3.65%,$46,$19,$27,$0,$19,$38,$8,$0,$8,$2,$6,$6,$6,$0,$0,$13,14,$0.44,$0.44,$50,$0,$0,$1809,$24,$795,$67,$73,$959,$2768,$1769,$811,$0,$811,$2583,$1,$164,$-13,$185,$2768,$18,$4,$3,$7,$1,$0,$0,$-2,$-2,$22,$-1,$0,$-8,$0,$-33,$-33,$-196,$-238,$141,$0,$141,$1,$1,$-8,$91,$225,$9,$0,$-8
41,2008-06-30,13.66,$13.91,0.98,$13.60,1.0,$4.19,3.26,$1.79,7.63,$1.74B,$1.64B,1.06,$0.91B,$0.19B,4.85,$0.18B,$0.11B,58.15%,$0.18B,$0.04B,20.11%,$0.18B,0,0.00%,$0.18B,0,0.00%,$0.18B,$0.04B,19.57%,$0.18B,$0.03B,13.59%,$0.03B,$0.19B,13.48%,$0.03B,$0.13B,20.16%,$0.03B,$2.73B,0.97%,$0.04B,$1.09B,4.13%,$46,$18,$28,$0,$19,$37,$9,$0,$9,$3,$6,$6,$6,$0,$0,$13,14,$0.45,$0.45,$47,$0,$0,$1744,$25,$832,$61,$71,$989,$2733,$1639,$905,$0,$905,$2547,$1,$161,$-7,$186,$2733,$12,$3,$1,$4,$-0,$0,$0,$-1,$-5,$11,$-1,$0,$-8,$0,$-64,$-64,$-132,$-205,$241,$0,$241,$0,$0,$-5,$-36,$200,$5,$0,$-5
42,2008-03-31,17.04,$14.30,1.19,$13.50,1.26,$3.93,4.34,$1.80,9.46,$1.63B,$1.67B,0.98,$0.70B,$0.19B,3.68,$0.18B,$0.11B,57.38%,$0.18B,$0.04B,19.67%,$0.18B,0,0.00%,$0.18B,0,0.00%,$0.18B,$0.04B,19.13%,$0.18B,$0.02B,13.11%,$0.02B,$0.19B,13.15%,$0.02B,$0.13B,19.67%,$0.02B,$2.56B,0.97%,$0.04B,$0.90B,4.52%,$46,$20,$26,$0,$17,$37,$9,$0,$9,$3,$6,$6,$6,$0,$0,$13,14,$0.43,$0.43,$44,$0,$0,$1634,$25,$782,$62,$61,$930,$2564,$1667,$704,$0,$704,$2373,$1,$157,$2,$191,$2564,$6,$1,$0,$1,$0,$0,$0,$-1,$-2,$5,$-0,$0,$-8,$0,$4,$4,$-25,$-29,$40,$0,$40,$0,$0,$-3,$-11,$27,$2,$0,$-3
43,2007-12-31,17.18,$13.97,1.23,$13.35,1.29,$3.87,4.44,$1.81,9.49,$1.61B,$1.68B,0.96,$0.67B,$0.19B,3.6,$0.18B,$0.11B,57.69%,$0.18B,$0.04B,19.78%,$0.18B,0,0.00%,$0.18B,0,0.00%,$0.18B,$0.04B,19.23%,$0.18B,$0.02B,13.19%,$0.02B,$0.19B,13.43%,$0.02B,$0.13B,20.13%,$0.02B,$2.54B,0.98%,$0.04B,$0.86B,4.85%,$46,$20,$26,$0,$17,$38,$9,$0,$8,$3,$6,$6,$6,$0,$0,$13,14,$0.43,$0.43,$41,$0,$0,$1608,$25,$784,$62,$61,$932,$2540,$1679,$672,$0,$672,$2353,$1,$155,$-0,$187,$2540,$24,$5,$-1,$4,$-0,$0,$0,$1,$3,$30,$-4,$0,$-7,$0,$-51,$-51,$-114,$-176,$161,$0,$161,$-4,$-4,$-11,$-31,$115,$-31,$1,$-11
44,2007-09-30,18.09,$13.33,1.36,$13.15,1.38,$3.83,4.72,$1.83,9.88,$1.56B,$1.69B,0.93,$0.56B,$0.18B,3.16,$0.18B,$0.10B,57.78%,$0.18B,$0.04B,20.00%,$0.18B,0,0.00%,$0.18B,0,0.00%,$0.18B,$0.04B,20.00%,$0.18B,$0.02B,13.33%,$0.02B,$0.18B,13.69%,$0.02B,$0.12B,20.51%,$0.02B,$2.43B,1.00%,$0.04B,$0.74B,5.15%,$46,$19,$27,$0,$17,$37,$10,$0,$10,$3,$7,$7,$7,$0,$0,$13,14,$0.49,$0.48,$55,$0,$0,$1564,$26,$717,$62,$62,$868,$2432,$1690,$561,$0,$561,$2254,$1,$152,$-6,$178,$2432,$18,$4,$0,$4,$-1,$0,$0,$-1,$-2,$20,$-4,$0,$-7,$0,$11,$11,$-55,$-54,$50,$0,$50,$-4,$-4,$-8,$-21,$17,$-17,$0,$-8
45,2007-06-30,16.79,$13.05,1.29,$12.99,1.29,$3.89,4.32,$1.83,9.17,$1.54B,$1.70B,0.91,$0.52B,$0.17B,2.99,$0.18B,$0.10B,58.10%,$0.18B,$0.04B,20.11%,$0.18B,0,0.00%,$0.18B,0,0.00%,$0.18B,$0.04B,20.11%,$0.18B,$0.02B,13.41%,$0.02B,$0.17B,13.81%,$0.02B,$0.12B,20.56%,$0.02B,$2.40B,1.00%,$0.04B,$0.69B,5.27%,$45,$19,$26,$0,$18,$37,$8,$0,$8,$3,$5,$5,$5,$0,$0,$13,14,$0.41,$0.40,$58,$0,$0,$1543,$26,$709,$57,$62,$853,$2396,$1701,$519,$0,$519,$2223,$1,$148,$-7,$174,$2396,$11,$3,$0,$3,$-2,$0,$0,$-1,$-5,$10,$-3,$0,$-7,$0,$20,$20,$-29,$-19,$14,$0,$14,$-4,$-4,$-5,$-9,$-4,$-14,$0,$-5
46,2007-03-31,17.71,$13.12,1.35,$12.90,1.37,$4.23,4.19,$1.82,9.73,$1.53B,$1.72B,0.89,$0.51B,$0.18B,2.88,$0.18B,$0.11B,58.99%,$0.18B,$0.04B,20.79%,$0.18B,0,0.00%,$0.18B,0,0.00%,$0.18B,$0.04B,20.79%,$0.18B,$0.03B,14.04%,$0.03B,$0.18B,14.66%,$0.03B,$0.12B,21.83%,$0.03B,$2.40B,1.04%,$0.04B,$0.68B,5.33%,$45,$18,$26,$0,$17,$36,$9,$0,$9,$3,$6,$6,$6,$0,$0,$13,14,$0.45,$0.44,$60,$0,$0,$1525,$25,$735,$57,$58,$875,$2400,$1716,$506,$0,$506,$2224,$1,$145,$-3,$176,$2400,$6,$1,$-1,$0,$-0,$0,$0,$0,$-1,$5,$-1,$0,$-7,$0,$-1,$-1,$-10,$-19,$0,$0,$0,$-2,$-2,$-3,$6,$2,$-12,$0,$-3
47,2006-12-31,18.29,$12.89,1.42,$12.64,1.45,$4.24,4.31,$1.82,10.05,$1.53B,$1.71B,0.89,$0.51B,$0.17B,2.96,$0.17B,$0.10B,59.77%,$0.17B,$0.04B,21.26%,$0.17B,0,0.00%,$0.17B,0,0.00%,$0.17B,$0.04B,21.26%,$0.17B,$0.03B,14.37%,$0.03B,$0.17B,15.02%,$0.03B,$0.12B,22.47%,$0.03B,$2.40B,1.03%,$0.04B,$0.69B,5.21%,$44,$18,$25,$0,$16,$34,$9,$0,$9,$3,$6,$6,$6,$0,$0,$13,14,$0.46,$0.45,$72,$0,$0,$1526,$24,$733,$57,$58,$873,$2399,$1712,$512,$0,$512,$2226,$1,$142,$-4,$173,$2399,$25,$6,$-1,$4,$-3,$0,$0,$-2,$-0,$29,$-4,$0,$0,$0,$87,$87,$-66,$18,$-70,$0,$-70,$0,$0,$-10,$39,$-41,$6,$1,$-10
