,Date,Stock Price,Book Value per Share,Price to Book Ratio,TTM Sales per Share,Price to Sales Ratio,TTM FCF per Share,Price to FCF Ratio,TTM Net EPS,PE Ratio,Current Assets,Current Liabilities,Current Ratio,Long Term Debt,Shareholder's Equity_x,Debt to Equity Ratio,TTM Revenue_x,TTM Gross Profit,Gross Margin,TTM Revenue_y,TTM Operating Income,Operating Margin,TTM Revenue_x,TTM EBIT,EBIT Margin,TTM Revenue_y,TTM EBITDA,EBITDA Margin,TTM Revenue_x,TTM Pre-Tax Income,Pre-Tax Margin,TTM Revenue_y,TTM Net Income_x,Net Margin,TTM Net Income_y,Shareholder's Equity_y,Return on Equity,TTM Net Income_x,Tangible Equity,Return on Tangible Equity,TTM Net Income_y,Total Assets,Return on Assets,TTM Net Income,LT Investments & Debt,Return on Investment,revenue,cost-goods-sold,gross-profit,research-development-expenses,selling-general-administrative-expenses,operating-expenses,operating-income,total-non-operating-income-expense,pre-tax-income,total-provision-income-taxes,income-after-taxes,income-from-continuous-operations,net-income,ebitda,ebit,basic-shares-outstanding,shares-outstanding,eps-basic-net-earnings-per-share,eps-earnings-per-share-diluted,cash-on-hand,inventory,other-current-assets,total-current-assets,net-property-plant-equipment,long-term-investments,goodwill-intangible-assets-total,other-long-term-assets,total-long-term-assets,total-assets,total-current-liabilities,long-term-debt,other-non-current-liabilities,total-long-term-liabilities,total-liabilities,common-stock-net,retained-earnings-accumulated-deficit,comprehensive-income,total-share-holder-equity,total-liabilities-share-holders-equity,net-income-loss,total-depreciation-amortization-cash-flow,other-non-cash-items,total-non-cash-items,change-in-accounts-receivable,change-in-inventories,change-in-accounts-payable,change-in-assets-liabilities,total-change-in-assets-liabilities,cash-flow-from-operating-activities,net-change-in-property-plant-equipment,net-change-in-intangible-assets,net-acquisitions-divestitures,net-change-in-short-term-investments,net-change-in-long-term-investments,net-change-in-investments-total,investing-activities-other,cash-flow-from-investing-activities,net-long-term-debt,net-current-debt,debt-issuance-retirement-net-total,net-common-equity-issued-repurchased,net-total-equity-issued-repurchased,total-common-preferred-stock-dividends-paid,financial-activities-other,cash-flow-from-financial-activities,net-cash-flow,stock-based-compensation,common-stock-dividends-paid
0,2018-09-30,194.68,$24.78,7.86,$30.28,6.43,$16.90,11.52,$0.77,252.83,$2.97B,$0.45B,6.63,$1.15B,$1.88B,0.61,$2.39B,$1.42B,59.20%,$2.39B,$0.73B,30.31%,$2.39B,$0.73B,30.31%,$2.39B,$0.84B,34.95%,$2.39B,$0.71B,29.72%,$2.39B,$0.06B,2.34%,$0.06B,$1.88B,2.73%,$0.06B,$1.27B,3.84%,$0.06B,$4.04B,1.24%,$0.73B,$3.02B,21.26%,$578,$241,$337,$35,$127,$406,$172,$-2,$169,$28,$141,$141,$141,$199,$172,$77,77,$1.84,$1.83,$2084,$314,$84,$2971,$338,$0,$611,$123,$1072,$4043,$448,$1148,$507,$1719,$2167,$2,$5810,$-126,$1876,$4043,$409,$83,$28,$111,$37,$-48,$-84,$-2,$-97,$423,$-96,$0,$0,$1361,$-8,$1353,$0,$1258,$-850,$0,$-850,$-774,$-774,$0,$-2,$-1626,$47,$28,$0
1,2018-06-30,193.59,$25.64,7.55,$29.81,6.49,$18.25,10.61,$0.63,307.29,$3.12B,$0.48B,6.58,$1.15B,$1.98B,0.58,$2.38B,$1.41B,59.20%,$2.38B,$0.71B,29.92%,$2.38B,$0.71B,29.92%,$2.38B,$0.82B,34.54%,$2.38B,$0.70B,29.24%,$2.38B,$0.05B,2.14%,$0.05B,$1.98B,2.28%,$0.05B,$1.40B,3.09%,$0.05B,$4.16B,1.07%,$0.71B,$3.12B,19.01%,$596,$243,$353,$36,$137,$417,$179,$-5,$175,$19,$156,$156,$156,$206,$179,$78,78,$2.00,$1.98,$2248,$300,$83,$3124,$336,$0,$576,$122,$1034,$4158,$475,$1148,$492,$1708,$2183,$2,$5669,$-133,$1975,$4158,$268,$56,$16,$72,$37,$-34,$-68,$3,$-63,$277,$-37,$0,$0,$1246,$-3,$1243,$0,$1206,$-850,$0,$-850,$-518,$-518,$0,$-2,$-1370,$100,$19,$0
2,2018-03-31,198.65,$27.00,7.36,$29.12,6.82,$19.10,10.4,$0.28,709.46,$3.44B,$0.53B,6.44,$1.25B,$2.12B,0.59,$2.34B,$1.39B,59.14%,$2.34B,$0.69B,29.33%,$2.34B,$0.69B,29.33%,$2.34B,$0.80B,34.12%,$2.34B,$0.67B,28.57%,$2.34B,$0.03B,1.15%,$0.03B,$2.12B,1.14%,$0.03B,$1.52B,1.51%,$0.03B,$4.49B,0.54%,$0.69B,$3.36B,17.11%,$531,$221,$309,$34,$130,$386,$144,$-4,$141,$29,$112,$112,$112,$173,$144,$79,80,$1.42,$1.40,$2552,$300,$84,$3439,$349,$0,$594,$107,$1051,$4489,$534,$1248,$525,$1840,$2375,$2,$5513,$-89,$2115,$4489,$112,$29,$11,$40,$41,$-28,$-25,$37,$24,$176,$-16,$0,$0,$915,$-3,$912,$0,$896,$-750,$0,$-750,$-258,$-258,$0,$2,$-1006,$74,$10,$0
3,2017-12-31,193.19,$28.16,6.86,$28.63,6.75,$19.04,10.15,$0.19,1016.79,$4.27B,$0.61B,7.05,$1.90B,$2.23B,0.85,$2.31B,$1.36B,59.03%,$2.31B,$0.66B,28.67%,$2.31B,$0.66B,28.67%,$2.31B,$0.77B,33.26%,$2.31B,$0.64B,27.76%,$2.31B,$0.02B,0.91%,$0.02B,$2.23B,0.86%,$0.02B,$1.65B,1.13%,$0.02B,$5.32B,0.41%,$0.66B,$4.13B,15.82%,$687,$270,$417,$35,$149,$457,$230,$-4,$226,$579,$-353,$-353,$-353,$258,$230,$80,81,$-4.43,$-4.38,$3394,$270,$72,$4270,$349,$0,$588,$117,$1054,$5324,$606,$1898,$520,$2484,$3091,$2,$5405,$-110,$2234,$5324,$20,$106,$90,$196,$-24,$1,$3,$501,$481,$698,$-85,$-5,$0,$-438,$-7,$-445,$0,$-536,$170,$0,$170,$-235,$-235,$0,$1,$-64,$137,$39,$0
4,2017-09-30,179.52,$33.06,5.43,$27.83,6.45,$18.22,9.85,$6.78,26.48,$4.08B,$0.66B,6.16,$1.73B,$2.63B,0.66,$2.25B,$1.32B,58.77%,$2.25B,$0.64B,28.43%,$2.25B,$0.64B,28.43%,$2.25B,$0.74B,32.96%,$2.25B,$0.62B,27.45%,$2.25B,$0.55B,24.34%,$0.55B,$2.63B,22.27%,$0.55B,$2.05B,28.99%,$0.55B,$5.16B,11.16%,$0.64B,$4.36B,15.41%,$566,$236,$330,$34,$135,$407,$159,$-5,$154,$18,$136,$136,$136,$185,$159,$80,81,$1.71,$1.69,$3255,$298,$69,$4079,$343,$0,$583,$158,$1084,$5163,$662,$1732,$70,$1872,$2534,$2,$5759,$-120,$2629,$5163,$373,$78,$38,$116,$53,$-26,$-23,$12,$16,$505,$-55,$-5,$0,$-337,$-7,$-344,$0,$-404,$130,$0,$130,$-173,$-173,$0,$3,$-39,$98,$30,$0
5,2017-06-30,183.84,$31.56,5.83,$27.27,6.74,$17.55,10.47,$6.62,27.77,$3.95B,$0.65B,6.04,$1.69B,$2.52B,0.67,$2.21B,$1.30B,58.82%,$2.21B,$0.63B,28.62%,$2.21B,$0.63B,28.62%,$2.21B,$0.73B,33.14%,$2.21B,$0.61B,27.53%,$2.21B,$0.54B,24.28%,$0.54B,$2.52B,22.67%,$0.54B,$1.94B,29.85%,$0.54B,$5.00B,11.28%,$0.63B,$4.21B,15.67%,$558,$230,$329,$33,$130,$404,$154,$-6,$148,$16,$132,$132,$132,$183,$154,$80,81,$1.65,$1.63,$3126,$287,$71,$3947,$339,$0,$576,$134,$1050,$4997,$653,$1687,$65,$1825,$2478,$2,$5622,$-148,$2519,$4997,$237,$52,$28,$80,$42,$-19,$-35,$46,$33,$351,$-35,$-5,$0,$-246,$-7,$-253,$0,$-294,$85,$0,$85,$-108,$-108,$0,$0,$-22,$62,$18,$0
6,2017-03-31,156.31,$29.93,5.22,$26.95,5.8,$16.96,9.21,$6.56,23.83,$3.78B,$0.63B,5.98,$1.64B,$2.40B,0.69,$2.19B,$1.29B,58.79%,$2.19B,$0.63B,28.80%,$2.19B,$0.63B,28.80%,$2.19B,$0.73B,33.14%,$2.19B,$0.61B,27.66%,$2.19B,$0.53B,24.33%,$0.53B,$2.40B,23.42%,$0.53B,$1.83B,31.20%,$0.53B,$4.81B,11.53%,$0.63B,$4.04B,16.04%,$498,$211,$287,$31,$131,$379,$119,$-5,$113,$8,$106,$106,$106,$142,$119,$80,81,$1.32,$1.31,$2966,$280,$70,$3778,$334,$0,$565,$133,$1032,$4811,$632,$1642,$69,$1784,$2416,$2,$5491,$-187,$2395,$4811,$106,$23,$20,$43,$35,$-10,$-50,$51,$26,$174,$-18,$0,$0,$-72,$-7,$-79,$0,$-97,$40,$0,$40,$-51,$-51,$0,$-1,$-12,$79,$9,$0
7,2016-12-31,134.39,$28.77,4.67,$26.58,5.06,$16.70,8.05,$6.40,21.0,$3.64B,$0.52B,6.99,$1.70B,$2.30B,0.74,$2.17B,$1.28B,58.81%,$2.17B,$0.63B,28.83%,$2.17B,$0.63B,28.83%,$2.17B,$0.72B,33.21%,$2.17B,$0.60B,27.68%,$2.17B,$0.52B,24.03%,$0.52B,$2.30B,23.65%,$0.52B,$1.74B,31.94%,$0.52B,$4.66B,11.54%,$0.63B,$4.00B,16.24%,$629,$252,$377,$33,$130,$420,$208,$-6,$203,$28,$174,$174,$174,$232,$208,$81,81,$2.16,$2.16,$2813,$263,$70,$3635,$337,$0,$559,$130,$1027,$4662,$520,$1702,$65,$1840,$2360,$2,$5385,$-216,$2302,$4662,$522,$96,$55,$151,$-32,$-20,$7,$15,$-30,$643,$-91,$0,$-6,$-391,$0,$-391,$0,$-488,$160,$0,$160,$-264,$-264,$0,$-12,$-116,$18,$41,$0
8,2016-09-30,158.49,$28.04,5.65,$25.92,6.12,$15.67,10.11,$6.08,26.07,$3.53B,$0.52B,6.8,$1.66B,$2.26B,0.73,$2.13B,$1.25B,58.65%,$2.13B,$0.60B,28.13%,$2.13B,$0.60B,28.13%,$2.13B,$0.69B,32.55%,$2.13B,$0.57B,26.90%,$2.13B,$0.50B,23.42%,$0.50B,$2.26B,23.25%,$0.50B,$1.68B,31.80%,$0.50B,$4.58B,11.28%,$0.60B,$3.92B,16.01%,$527,$218,$308,$30,$124,$375,$152,$-6,$145,$21,$125,$125,$125,$176,$152,$81,81,$1.55,$1.53,$2713,$303,$76,$3534,$330,$0,$578,$135,$1042,$4577,$520,$1657,$75,$1798,$2318,$2,$5211,$-155,$2259,$4577,$347,$72,$49,$121,$39,$-40,$-29,$30,$1,$469,$-68,$0,$-6,$-365,$0,$-365,$0,$-439,$115,$0,$115,$-183,$-183,$0,$-11,$-80,$-57,$33,$0
9,2016-06-30,140.65,$26.69,5.27,$25.49,5.52,$14.85,9.47,$5.95,23.64,$3.41B,$0.52B,6.52,$1.63B,$2.15B,0.76,$2.10B,$1.23B,58.71%,$2.10B,$0.58B,27.71%,$2.10B,$0.58B,27.71%,$2.10B,$0.67B,32.10%,$2.10B,$0.56B,26.52%,$2.10B,$0.49B,23.29%,$0.49B,$2.15B,23.63%,$0.49B,$1.58B,32.72%,$0.49B,$4.45B,11.37%,$0.58B,$3.78B,16.11%,$537,$220,$316,$33,$130,$385,$152,$-6,$145,$17,$128,$128,$128,$176,$152,$81,81,$1.59,$1.57,$2600,$286,$74,$3406,$330,$0,$570,$142,$1042,$4448,$523,$1632,$74,$1776,$2299,$2,$5086,$-157,$2149,$4448,$222,$48,$28,$76,$32,$-25,$-41,$55,$22,$320,$-50,$0,$0,$-218,$0,$-218,$0,$-268,$90,$0,$90,$-149,$-149,$0,$-9,$-68,$-24,$24,$0
10,2016-03-31,131.92,$25.97,5.08,$24.84,5.31,$14.20,9.29,$5.65,23.35,$3.31B,$0.52B,6.32,$1.59B,$2.10B,0.76,$2.06B,$1.20B,58.45%,$2.06B,$0.56B,27.21%,$2.06B,$0.56B,27.21%,$2.06B,$0.65B,31.63%,$2.06B,$0.54B,26.04%,$2.06B,$0.47B,22.69%,$0.47B,$2.10B,23.17%,$0.47B,$1.52B,32.46%,$0.47B,$4.37B,11.13%,$0.56B,$3.70B,16.01%,$475,$201,$274,$29,$129,$363,$113,$-6,$107,$13,$94,$94,$94,$136,$113,$81,82,$1.16,$1.15,$2505,$287,$79,$3311,$337,$0,$580,$141,$1058,$4368,$524,$1593,$78,$1743,$2267,$2,$4958,$-128,$2102,$4368,$94,$23,$21,$45,$38,$-20,$-44,$49,$23,$162,$-25,$0,$0,$-173,$0,$-173,$0,$-198,$50,$0,$50,$-87,$-87,$0,$-2,$-39,$-71,$16,$0
11,2015-12-31,134.58,$25.27,5.33,$24.54,5.48,$14.12,9.53,$5.65,23.82,$3.21B,$0.56B,5.7,$1.49B,$2.06B,0.73,$2.04B,$1.20B,58.74%,$2.04B,$0.57B,27.75%,$2.04B,$0.57B,27.75%,$2.04B,$0.66B,32.21%,$2.04B,$0.54B,26.53%,$2.04B,$0.47B,22.96%,$0.47B,$2.06B,23.98%,$0.47B,$1.48B,33.91%,$0.47B,$4.27B,11.51%,$0.57B,$3.55B,16.84%,$587,$238,$349,$28,$129,$405,$181,$-6,$175,$24,$151,$151,$151,$204,$181,$82,83,$1.84,$1.83,$2399,$263,$83,$3214,$333,$0,$575,$147,$1055,$4269,$564,$1493,$76,$1646,$2210,$2,$4864,$-147,$2059,$4269,$469,$90,$56,$146,$-50,$-20,$27,$0,$-42,$573,$-95,$-3,$-23,$-278,$0,$-278,$0,$-400,$205,$0,$205,$-283,$-283,$0,$-5,$-83,$65,$33,$0
12,2015-09-30,118.21,$24.11,4.9,$24.34,4.86,$13.32,8.88,$5.62,21.03,$3.09B,$0.54B,5.77,$1.46B,$1.97B,0.74,$2.04B,$1.20B,58.92%,$2.04B,$0.56B,27.35%,$2.04B,$0.56B,27.35%,$2.04B,$0.65B,31.86%,$2.04B,$0.53B,26.03%,$2.04B,$0.47B,22.99%,$0.47B,$1.97B,24.49%,$0.47B,$1.39B,35.01%,$0.47B,$4.12B,11.80%,$0.56B,$3.42B,17.11%,$501,$207,$294,$31,$125,$365,$136,$-6,$130,$13,$116,$116,$116,$158,$136,$82,83,$1.42,$1.40,$2311,$282,$85,$3094,$326,$0,$575,$127,$1027,$4121,$536,$1455,$84,$1617,$2153,$2,$4713,$-127,$1969,$4121,$318,$67,$25,$92,$7,$-35,$4,$21,$-4,$407,$-67,$0,$-9,$-218,$0,$-218,$0,$-295,$165,$0,$165,$-226,$-226,$0,$3,$-58,$37,$25,$0
13,2015-06-30,128.38,$23.49,5.46,$24.13,5.32,$12.53,10.25,$5.56,23.09,$3.01B,$0.55B,5.5,$1.39B,$1.93B,0.72,$2.03B,$1.20B,59.01%,$2.03B,$0.56B,27.61%,$2.03B,$0.56B,27.61%,$2.03B,$0.66B,32.48%,$2.03B,$0.53B,26.18%,$2.03B,$0.47B,22.93%,$0.47B,$1.93B,24.75%,$0.47B,$1.36B,35.80%,$0.47B,$4.03B,12.00%,$0.56B,$3.32B,17.71%,$495,$209,$286,$31,$123,$364,$130,$-7,$124,$18,$106,$106,$106,$153,$130,$83,83,$1.28,$1.27,$2209,$273,$119,$3007,$325,$0,$577,$120,$1022,$4029,$547,$1385,$81,$1550,$2096,$2,$4596,$-118,$1933,$4029,$202,$45,$17,$62,$16,$-28,$-22,$38,$4,$268,$-45,$0,$-9,$-210,$0,$-210,$0,$-265,$95,$0,$95,$-146,$-146,$0,$3,$-49,$-56,$17,$0
14,2015-03-31,124.32,$22.52,5.52,$23.85,5.21,$11.95,10.41,$5.42,22.94,$2.88B,$0.54B,5.34,$1.31B,$1.86B,0.7,$2.02B,$1.19B,59.09%,$2.02B,$0.55B,27.19%,$2.02B,$0.55B,27.19%,$2.02B,$0.65B,32.00%,$2.02B,$0.52B,25.76%,$2.02B,$0.46B,22.63%,$0.46B,$1.86B,24.56%,$0.46B,$1.30B,35.82%,$0.46B,$3.87B,12.00%,$0.55B,$3.17B,17.78%,$460,$189,$271,$29,$120,$340,$120,$-7,$113,$17,$96,$96,$96,$143,$120,$83,84,$1.16,$1.15,$2109,$258,$115,$2876,$317,$0,$563,$117,$997,$3873,$538,$1310,$78,$1472,$2010,$2,$4491,$-138,$1862,$3873,$96,$23,$11,$34,$25,$-20,$-26,$45,$25,$155,$-21,$0,$0,$-35,$0,$-35,$0,$-56,$20,$0,$20,$-80,$-80,$0,$-1,$-60,$19,$8,$0
15,2014-12-31,112.72,$22.79,4.95,$23.37,4.82,$11.46,9.84,$5.09,22.15,$2.82B,$0.58B,4.85,$1.24B,$1.90B,0.65,$1.99B,$1.17B,58.54%,$1.99B,$0.52B,26.03%,$1.99B,$0.52B,26.03%,$1.99B,$0.61B,30.75%,$1.99B,$0.49B,24.62%,$1.99B,$0.43B,21.66%,$0.43B,$1.90B,23.30%,$0.43B,$1.31B,34.26%,$0.43B,$3.88B,11.49%,$0.52B,$3.13B,17.12%,$584,$233,$351,$29,$132,$412,$172,$-8,$164,$13,$151,$151,$151,$196,$172,$84,85,$1.79,$1.78,$2055,$246,$82,$2817,$322,$0,$585,$151,$1058,$3875,$580,$1237,$77,$1400,$1980,$2,$4395,$-79,$1895,$3875,$432,$94,$58,$152,$-29,$-16,$-14,$-13,$-72,$512,$-90,$-15,$-27,$-270,$0,$-270,$0,$-402,$142,$0,$142,$-264,$-264,$0,$14,$-107,$-19,$33,$0
16,2014-09-30,99.12,$22.13,4.48,$23.05,4.3,$10.73,9.23,$4.94,20.06,$2.70B,$0.57B,4.7,$1.21B,$1.84B,0.65,$1.97B,$1.15B,58.35%,$1.97B,$0.52B,26.48%,$1.97B,$0.52B,26.48%,$1.97B,$0.61B,31.15%,$1.97B,$0.50B,25.11%,$1.97B,$0.42B,21.41%,$0.42B,$1.84B,23.23%,$0.42B,$1.24B,34.48%,$0.42B,$3.75B,11.47%,$0.52B,$3.05B,17.51%,$493,$202,$291,$27,$122,$354,$139,$-7,$131,$18,$113,$113,$113,$168,$139,$84,84,$1.36,$1.34,$1946,$269,$91,$2699,$323,$0,$600,$129,$1052,$3752,$574,$1205,$72,$1335,$1910,$2,$4243,$-10,$1842,$3752,$280,$71,$25,$96,$24,$-37,$4,$-17,$-26,$350,$-70,$-2,$-24,$-227,$0,$-227,$0,$-322,$107,$0,$107,$-218,$-218,$0,$7,$-105,$-84,$24,$0
17,2014-06-30,104.44,$21.96,4.76,$22.50,4.64,$10.30,10.14,$4.74,22.03,$2.68B,$0.60B,4.51,$1.16B,$1.84B,0.63,$1.94B,$1.13B,58.14%,$1.94B,$0.50B,25.94%,$1.94B,$0.50B,25.94%,$1.94B,$0.59B,30.28%,$1.94B,$0.48B,24.65%,$1.94B,$0.41B,21.03%,$0.41B,$1.84B,23.11%,$0.41B,$1.25B,34.63%,$0.41B,$3.73B,11.32%,$0.50B,$3.00B,17.23%,$482,$202,$280,$27,$132,$363,$118,$-6,$112,$16,$97,$97,$97,$139,$118,$84,85,$1.14,$1.13,$1918,$273,$88,$2681,$329,$0,$591,$127,$1047,$3728,$595,$1160,$70,$1289,$1884,$2,$4130,$39,$1843,$3728,$167,$41,$17,$58,$29,$-32,$-6,$6,$-3,$222,$-44,$0,$-4,$-126,$0,$-126,$0,$-174,$70,$0,$70,$-145,$-145,$0,$9,$-66,$-12,$16,$0
18,2014-03-31,108.41,$21.46,5.05,$22.05,4.92,$10.24,10.59,$4.64,23.36,$2.61B,$0.58B,4.46,$1.10B,$1.82B,0.61,$1.90B,$1.11B,58.19%,$1.90B,$0.50B,26.10%,$1.90B,$0.50B,26.10%,$1.90B,$0.58B,30.41%,$1.90B,$0.47B,24.68%,$1.90B,$0.40B,20.96%,$0.40B,$1.82B,23.75%,$0.40B,$1.23B,35.99%,$0.40B,$3.65B,11.45%,$0.50B,$2.92B,17.58%,$431,$188,$243,$25,$127,$342,$89,$-6,$83,$12,$70,$70,$70,$109,$89,$85,86,$0.83,$0.82,$1853,$267,$86,$2608,$330,$0,$592,$120,$1042,$3650,$584,$1100,$69,$1246,$1830,$2,$4033,$32,$1819,$3650,$70,$20,$8,$28,$30,$-24,$-11,$23,$17,$116,$-21,$0,$-4,$-95,$0,$-95,$0,$-120,$9,$0,$9,$-57,$-57,$0,$8,$-40,$-45,$8,$0
19,2013-12-31,100.0,$20.79,4.81,$21.97,4.55,$10.26,9.75,$5.21,19.19,$2.56B,$0.49B,5.24,$1.19B,$1.76B,0.68,$1.90B,$1.12B,58.91%,$1.90B,$0.52B,27.17%,$1.90B,$0.52B,27.17%,$1.90B,$0.60B,31.42%,$1.90B,$0.49B,25.75%,$1.90B,$0.45B,23.65%,$0.45B,$1.76B,28.22%,$0.45B,$1.17B,43.35%,$0.45B,$3.58B,13.33%,$0.52B,$2.95B,18.86%,$565,$229,$336,$27,$131,$389,$176,$-7,$169,$28,$142,$142,$142,$198,$176,$85,87,$1.67,$1.64,$1804,$243,$79,$2556,$325,$0,$589,$112,$1026,$3583,$488,$1190,$67,$1332,$1819,$2,$3963,$6,$1763,$3583,$450,$80,$36,$115,$-35,$-11,$-28,$-6,$-80,$485,$-118,$0,$-41,$-305,$0,$-305,$0,$-465,$146,$0,$146,$-233,$-233,$0,$22,$-65,$-40,$32,$0
20,2013-09-30,106.21,$19.06,5.57,$21.30,4.99,$9.89,10.73,$5.56,19.1,$2.43B,$0.49B,4.93,$1.16B,$1.62B,0.72,$1.86B,$1.10B,59.03%,$1.86B,$0.50B,26.88%,$1.86B,$0.50B,26.88%,$1.86B,$0.58B,31.02%,$1.86B,$0.47B,25.48%,$1.86B,$0.48B,26.02%,$0.48B,$1.62B,31.83%,$0.48B,$1.05B,49.54%,$0.48B,$3.43B,14.79%,$0.50B,$2.78B,19.01%,$457,$192,$266,$24,$121,$338,$119,$-6,$113,$15,$98,$98,$98,$140,$119,$85,86,$1.15,$1.14,$1699,$257,$99,$2429,$314,$0,$571,$111,$996,$3425,$493,$1160,$52,$1314,$1807,$2,$3821,$-25,$1619,$3425,$308,$58,$18,$76,$23,$-31,$-25,$-10,$-43,$342,$-93,$0,$-26,$-210,$0,$-210,$0,$-329,$116,$0,$116,$-191,$-191,$0,$13,$-62,$-50,$24,$0
21,2013-06-30,100.05,$17.84,5.61,$21.10,4.74,$9.78,10.23,$5.54,18.06,$2.34B,$0.48B,4.94,$1.14B,$1.52B,0.75,$1.85B,$1.10B,59.31%,$1.85B,$0.50B,27.15%,$1.85B,$0.50B,27.15%,$1.85B,$0.58B,31.25%,$1.85B,$0.48B,25.74%,$1.85B,$0.49B,26.17%,$0.49B,$1.52B,33.48%,$0.49B,$0.99B,52.98%,$0.49B,$3.29B,15.33%,$0.50B,$2.66B,20.59%,$451,$188,$263,$25,$123,$338,$113,$-8,$105,$15,$89,$89,$89,$132,$113,$85,87,$1.04,$1.03,$1650,$243,$87,$2344,$296,$0,$535,$111,$941,$3286,$475,$1135,$54,$1290,$1765,$2,$3723,$-54,$1520,$3286,$210,$38,$15,$52,$26,$-21,$-44,$13,$-26,$237,$-61,$0,$0,$-137,$0,$-137,$0,$-198,$90,$0,$90,$-152,$-152,$0,$9,$-53,$-26,$15,$0
22,2013-03-31,93.91,$17.24,5.45,$20.94,4.49,$9.65,9.74,$5.60,16.77,$2.29B,$0.48B,4.8,$1.10B,$1.48B,0.75,$1.85B,$1.11B,59.79%,$1.85B,$0.51B,27.52%,$1.85B,$0.51B,27.52%,$1.85B,$0.58B,31.46%,$1.85B,$0.49B,26.23%,$1.85B,$0.49B,26.66%,$0.49B,$1.48B,35.69%,$0.49B,$0.95B,57.54%,$0.49B,$3.21B,16.12%,$0.51B,$2.58B,22.46%,$430,$175,$256,$25,$119,$321,$109,$-6,$103,$-18,$121,$121,$121,$128,$109,$86,87,$1.41,$1.39,$1590,$236,$85,$2288,$283,$0,$530,$107,$920,$3207,$477,$1100,$52,$1254,$1731,$2,$3634,$-55,$1477,$3207,$121,$18,$8,$27,$16,$-13,$-45,$22,$-20,$128,$-31,$0,$0,$-60,$0,$-60,$0,$-90,$55,$0,$55,$-94,$-94,$0,$4,$-35,$-9,$7,$0
23,2012-12-31,87.12,$16.99,5.13,$20.66,4.22,$9.59,9.08,$5.19,16.79,$2.26B,$0.50B,4.48,$1.05B,$1.47B,0.71,$1.84B,$1.11B,59.96%,$1.84B,$0.51B,27.73%,$1.84B,$0.51B,27.73%,$1.84B,$0.58B,31.47%,$1.84B,$0.49B,26.42%,$1.84B,$0.46B,25.07%,$0.46B,$1.47B,34.55%,$0.46B,$0.93B,56.67%,$0.46B,$3.17B,15.55%,$0.51B,$2.51B,24.07%,$522,$208,$313,$25,$122,$362,$159,$-6,$153,$-23,$176,$176,$176,$177,$159,$88,89,$2.01,$2.00,$1539,$230,$85,$2258,$273,$0,$537,$100,$910,$3168,$504,$1045,$50,$1197,$1701,$2,$3513,$-26,$1467,$3168,$461,$69,$-21,$48,$-40,$-11,$1,$-10,$-60,$449,$-105,$0,$-31,$-161,$0,$-161,$0,$-296,$186,$0,$186,$-267,$-267,$0,$14,$-67,$97,$29,$0
24,2012-09-30,83.33,$15.30,5.45,$20.44,4.08,$10.18,8.18,$4.70,17.73,$2.14B,$0.77B,2.79,$0.70B,$1.33B,0.53,$1.84B,$1.11B,60.21%,$1.84B,$0.52B,28.07%,$1.84B,$0.52B,28.07%,$1.84B,$0.58B,31.70%,$1.84B,$0.49B,26.76%,$1.84B,$0.42B,22.96%,$0.42B,$1.33B,33.12%,$0.42B,$0.80B,55.13%,$0.42B,$3.00B,14.79%,$0.52B,$2.03B,26.15%,$450,$183,$267,$24,$115,$328,$122,$-6,$116,$17,$99,$99,$99,$142,$122,$87,88,$1.13,$1.12,$1448,$247,$80,$2137,$261,$0,$529,$69,$860,$2997,$768,$700,$103,$900,$1667,$2,$3337,$-29,$1330,$2997,$285,$51,$22,$74,$6,$-37,$-19,$8,$-42,$318,$-73,$0,$-31,$-195,$0,$-195,$0,$-299,$156,$0,$156,$-214,$-214,$0,$4,$-53,$-28,$22,$0
25,2012-06-30,79.47,$14.40,5.52,$20.29,3.92,$10.63,7.48,$4.68,16.98,$2.07B,$0.72B,2.86,$0.70B,$1.26B,0.55,$1.85B,$1.12B,60.42%,$1.85B,$0.52B,28.26%,$1.85B,$0.52B,28.26%,$1.85B,$0.59B,31.73%,$1.85B,$0.50B,27.02%,$1.85B,$0.43B,23.01%,$0.43B,$1.26B,34.43%,$0.43B,$0.76B,57.98%,$0.43B,$2.88B,15.33%,$0.52B,$1.96B,26.99%,$451,$179,$272,$24,$123,$331,$120,$-6,$114,$17,$98,$98,$98,$136,$120,$88,89,$1.11,$1.09,$1392,$237,$81,$2065,$251,$0,$506,$61,$818,$2884,$722,$700,$102,$899,$1621,$2,$3238,$-54,$1263,$2884,$186,$31,$14,$45,$6,$-29,$-19,$27,$-15,$216,$-47,$0,$-18,$-125,$0,$-125,$0,$-191,$110,$0,$110,$-153,$-153,$0,$6,$-37,$-15,$14,$0
26,2012-03-31,92.66,$14.49,6.39,$20.04,4.62,$10.72,8.65,$4.66,19.88,$2.02B,$0.65B,3.12,$0.70B,$1.29B,0.54,$1.84B,$1.12B,60.52%,$1.84B,$0.52B,28.36%,$1.84B,$0.52B,28.36%,$1.84B,$0.59B,31.89%,$1.84B,$0.50B,27.17%,$1.84B,$0.43B,23.16%,$0.43B,$1.29B,34.86%,$0.43B,$0.77B,58.67%,$0.43B,$2.84B,15.85%,$0.52B,$1.99B,27.17%,$420,$167,$253,$23,$117,$310,$110,$-6,$104,$16,$89,$89,$89,$125,$110,$89,90,$1.00,$0.98,$1354,$233,$83,$2023,$239,$0,$514,$63,$816,$2839,$648,$700,$101,$904,$1552,$2,$3140,$-23,$1288,$2839,$89,$15,$6,$21,$16,$-18,$-21,$25,$2,$111,$-16,$0,$-18,$-29,$0,$-29,$0,$-63,$32,$0,$32,$-54,$-54,$0,$9,$-12,$43,$7,$0
27,2011-12-31,74.05,$13.78,5.37,$19.97,3.71,$10.79,6.86,$4.69,15.79,$1.94B,$0.60B,3.23,$0.70B,$1.23B,0.57,$1.85B,$1.12B,60.53%,$1.85B,$0.53B,28.56%,$1.85B,$0.53B,28.56%,$1.85B,$0.60B,32.13%,$1.85B,$0.51B,27.54%,$1.85B,$0.43B,23.33%,$0.43B,$1.23B,36.28%,$0.43B,$0.74B,61.63%,$0.43B,$2.72B,16.64%,$0.53B,$1.93B,29.13%,$521,$204,$317,$24,$126,$357,$165,$-6,$159,$22,$137,$137,$137,$181,$165,$91,92,$1.53,$1.51,$1281,$213,$81,$1942,$237,$0,$489,$55,$781,$2723,$602,$700,$102,$895,$1497,$2,$3051,$-36,$1227,$2723,$433,$66,$25,$91,$-13,$-9,$-12,$6,$-27,$497,$-85,$0,$-11,$-259,$0,$-259,$0,$-356,$225,$0,$225,$-311,$-311,$0,$25,$-60,$75,$28,$0
28,2011-09-30,75.49,$12.94,5.83,$19.46,3.88,$10.53,7.17,$4.54,16.63,$1.86B,$0.61B,3.08,$0.70B,$1.16B,0.6,$1.82B,$1.10B,60.50%,$1.82B,$0.51B,28.21%,$1.82B,$0.51B,28.21%,$1.82B,$0.58B,31.90%,$1.82B,$0.50B,27.33%,$1.82B,$0.42B,23.25%,$0.42B,$1.16B,36.66%,$0.42B,$0.66B,63.41%,$0.42B,$2.64B,16.90%,$0.51B,$1.86B,28.82%,$455,$180,$274,$23,$121,$327,$127,$-6,$122,$20,$101,$101,$101,$144,$127,$91,92,$1.12,$1.10,$1194,$246,$68,$1863,$221,$0,$495,$61,$776,$2640,$606,$700,$103,$875,$1481,$2,$2914,$-1,$1159,$2640,$296,$50,$23,$73,$10,$-46,$-12,$26,$-22,$347,$-51,$0,$-11,$-132,$0,$-132,$0,$-195,$206,$0,$206,$-252,$-252,$0,$9,$-38,$115,$21,$0
29,2011-06-30,95.74,$13.41,7.14,$18.82,5.09,$10.28,9.31,$4.46,21.47,$1.80B,$0.47B,3.85,$0.70B,$1.23B,0.57,$1.76B,$1.06B,60.31%,$1.76B,$0.49B,27.77%,$1.76B,$0.49B,27.77%,$1.76B,$0.55B,31.46%,$1.76B,$0.48B,26.97%,$1.76B,$0.42B,23.62%,$0.42B,$1.23B,38.09%,$0.42B,$0.74B,68.03%,$0.42B,$2.57B,17.42%,$0.49B,$1.93B,28.48%,$448,$176,$272,$23,$125,$327,$121,$-4,$116,$16,$100,$100,$100,$138,$121,$92,93,$1.09,$1.07,$1122,$243,$70,$1800,$219,$0,$489,$64,$772,$2572,$467,$700,$103,$879,$1346,$2,$2813,$32,$1226,$2572,$195,$33,$17,$50,$7,$-36,$-33,$37,$-25,$220,$-35,$0,$0,$-139,$0,$-139,$0,$-174,$70,$0,$70,$-111,$-111,$0,$16,$-25,$36,$14,$0
30,2011-03-31,86.9,$12.57,6.91,$18.17,4.78,$10.35,8.39,$4.29,20.26,$1.68B,$0.72B,2.35,$0.40B,$1.15B,0.35,$1.70B,$1.03B,60.21%,$1.70B,$0.47B,27.82%,$1.70B,$0.47B,27.82%,$1.70B,$0.54B,31.51%,$1.70B,$0.46B,27.05%,$1.70B,$0.40B,23.53%,$0.40B,$1.15B,40.55%,$0.40B,$0.67B,77.83%,$0.40B,$2.45B,17.79%,$0.47B,$1.55B,29.37%,$428,$170,$258,$22,$117,$312,$116,$-3,$113,$18,$94,$94,$94,$132,$116,$92,93,$1.03,$1.01,$1039,$224,$71,$1683,$217,$0,$485,$62,$764,$2447,$716,$400,$104,$580,$1296,$2,$2713,$22,$1151,$2447,$94,$16,$10,$26,$18,$-17,$-27,$29,$2,$123,$-17,$0,$0,$-104,$0,$-104,$0,$-121,$24,$0,$24,$-59,$-59,$0,$8,$-27,$-12,$7,$0
31,2010-12-31,77.71,$11.64,6.68,$17.45,4.45,$10.19,7.62,$4.07,19.09,$1.59B,$0.39B,4.11,$0.70B,$1.07B,0.66,$1.64B,$0.99B,60.22%,$1.64B,$0.45B,27.37%,$1.64B,$0.45B,27.37%,$1.64B,$0.51B,31.14%,$1.64B,$0.44B,26.64%,$1.64B,$0.38B,23.30%,$0.38B,$1.07B,42.34%,$0.38B,$0.60B,88.20%,$0.38B,$2.33B,17.92%,$0.45B,$1.77B,28.05%,$484,$189,$294,$23,$121,$335,$148,$-3,$145,$18,$127,$127,$127,$165,$148,$92,94,$1.37,$1.35,$946,$204,$78,$1587,$215,$0,$473,$53,$741,$2328,$386,$700,$100,$873,$1259,$2,$2618,$-12,$1069,$2328,$382,$63,$24,$86,$-43,$-37,$52,$18,$-10,$458,$-63,$0,$0,$-349,$0,$-349,$0,$-412,$134,$0,$134,$-196,$-196,$0,$1,$-60,$-33,$25,$0
32,2010-09-30,70.78,$10.12,6.99,$16.74,4.23,$9.34,7.58,$3.79,18.68,$1.44B,$0.42B,3.45,$0.70B,$0.92B,0.76,$1.59B,$0.96B,60.10%,$1.59B,$0.43B,26.94%,$1.59B,$0.43B,26.94%,$1.59B,$0.49B,30.71%,$1.59B,$0.42B,26.31%,$1.59B,$0.36B,22.66%,$0.36B,$0.92B,42.38%,$0.36B,$0.45B,95.05%,$0.36B,$2.21B,17.71%,$0.43B,$1.62B,28.54%,$401,$163,$238,$21,$111,$297,$104,$-3,$101,$6,$95,$95,$95,$119,$104,$92,93,$1.03,$1.02,$837,$208,$55,$1438,$215,$0,$476,$77,$767,$2206,$417,$700,$97,$865,$1282,$1,$2492,$4,$923,$2206,$255,$46,$23,$68,$-21,$-36,$36,$21,$0,$324,$-47,$0,$0,$-285,$0,$-285,$0,$-332,$160,$0,$160,$-218,$-218,$0,$-1,$-59,$-78,$19,$0
33,2010-06-30,64.7,$8.83,7.32,$16.31,3.97,$8.64,7.49,$3.56,18.17,$1.31B,$0.36B,3.62,$0.70B,$0.81B,0.86,$1.56B,$0.94B,60.05%,$1.56B,$0.42B,26.89%,$1.56B,$0.42B,26.89%,$1.56B,$0.48B,30.67%,$1.56B,$0.41B,26.31%,$1.56B,$0.34B,21.83%,$0.34B,$0.81B,41.89%,$0.34B,$0.35B,99.34%,$0.34B,$2.04B,17.46%,$0.42B,$1.51B,29.70%,$391,$155,$236,$21,$107,$285,$106,$-3,$102,$17,$85,$85,$85,$121,$106,$93,94,$0.92,$0.90,$754,$192,$51,$1312,$211,$0,$462,$52,$725,$2036,$363,$700,$94,$861,$1223,$1,$2397,$-36,$813,$2036,$160,$30,$15,$45,$-13,$-25,$32,$15,$10,$215,$-21,$0,$0,$-154,$0,$-154,$0,$-176,$125,$0,$125,$-161,$-161,$0,$-5,$-40,$-30,$12,$0
34,2010-03-31,67.54,$8.76,7.71,$15.90,4.25,$7.78,8.68,$3.38,19.98,$1.25B,$0.31B,4.09,$0.70B,$0.81B,0.86,$1.53B,$0.92B,60.04%,$1.53B,$0.40B,26.14%,$1.53B,$0.40B,26.14%,$1.53B,$0.46B,29.92%,$1.53B,$0.39B,25.68%,$1.53B,$0.33B,21.25%,$0.33B,$0.81B,41.08%,$0.33B,$0.34B,101.64%,$0.33B,$1.98B,17.21%,$0.40B,$1.51B,29.85%,$368,$146,$222,$20,$107,$275,$92,$-2,$90,$15,$76,$76,$76,$107,$92,$94,95,$0.81,$0.79,$692,$189,$54,$1249,$209,$0,$471,$52,$732,$1981,$305,$700,$94,$863,$1168,$1,$2312,$-8,$813,$1981,$76,$15,$8,$23,$-6,$-16,$14,$14,$5,$103,$-10,$0,$0,$-106,$0,$-106,$0,$-116,$81,$0,$81,$-96,$-96,$0,$-3,$-18,$-44,$6,$0
35,2009-12-31,61.96,$9.02,6.87,$15.44,4.01,$7.40,8.37,$3.34,18.55,$1.17B,$0.40B,2.97,$0.50B,$0.85B,0.59,$1.50B,$0.91B,60.37%,$1.50B,$0.39B,26.28%,$1.50B,$0.39B,26.28%,$1.50B,$0.45B,30.15%,$1.50B,$0.39B,25.82%,$1.50B,$0.32B,21.55%,$0.32B,$0.85B,42.68%,$0.32B,$0.37B,112.84%,$0.32B,$1.91B,17.77%,$0.39B,$1.35B,31.35%,$429,$170,$259,$20,$110,$303,$126,$-2,$125,$21,$104,$104,$104,$141,$126,$96,97,$1.09,$1.08,$630,$179,$49,$1172,$211,$0,$475,$49,$736,$1908,$395,$500,$95,$664,$1059,$1,$2237,$16,$849,$1908,$323,$57,$78,$135,$-17,$-7,$-11,$-5,$-40,$418,$-94,$0,$-36,$-289,$0,$-289,$0,$-419,$92,$0,$92,$-192,$-192,$0,$10,$-90,$-87,$28,$0
36,2009-09-30,55.86,$8.25,6.77,$15.18,3.68,$7.53,7.42,$3.27,17.08,$1.12B,$0.43B,2.6,$0.50B,$0.78B,0.64,$1.49B,$0.89B,59.95%,$1.49B,$0.38B,25.81%,$1.49B,$0.38B,25.81%,$1.49B,$0.44B,29.57%,$1.49B,$0.37B,25.13%,$1.49B,$0.32B,21.37%,$0.32B,$0.78B,44.80%,$0.32B,$0.31B,125.44%,$0.32B,$1.89B,18.21%,$0.38B,$1.28B,31.74%,$374,$153,$221,$19,$103,$278,$96,$-2,$94,$18,$76,$76,$76,$110,$96,$95,97,$0.80,$0.79,$578,$197,$57,$1122,$209,$0,$475,$80,$764,$1886,$432,$500,$98,$673,$1105,$1,$2133,$19,$781,$1886,$219,$43,$30,$72,$12,$-19,$1,$12,$7,$298,$-80,$0,$-36,$-188,$0,$-188,$0,$-304,$105,$0,$105,$-149,$-149,$0,$4,$-40,$-38,$22,$0
37,2009-06-30,51.47,$7.65,6.72,$15.14,3.4,$7.82,6.58,$3.19,16.13,$1.06B,$0.40B,2.65,$0.50B,$0.73B,0.68,$1.50B,$0.90B,59.93%,$1.50B,$0.39B,25.73%,$1.50B,$0.39B,25.73%,$1.50B,$0.44B,29.47%,$1.50B,$0.37B,24.87%,$1.50B,$0.31B,20.93%,$0.31B,$0.73B,46.47%,$0.31B,$0.26B,134.76%,$0.31B,$1.80B,17.43%,$0.39B,$1.23B,31.82%,$363,$144,$219,$20,$110,$276,$87,$-2,$85,$15,$70,$70,$70,$101,$87,$96,97,$0.73,$0.72,$506,$196,$61,$1058,$203,$0,$470,$71,$744,$1803,$400,$500,$97,$672,$1072,$1,$2057,$9,$731,$1803,$143,$29,$24,$53,$-2,$-19,$-25,$23,$-22,$174,$-58,$0,$-36,$-147,$0,$-147,$0,$-241,$91,$0,$91,$-105,$-105,$0,$8,$-6,$-70,$15,$0
38,2009-03-31,36.95,$6.91,5.35,$15.35,2.41,$8.32,4.44,$3.29,11.23,$0.96B,$0.34B,2.8,$0.50B,$0.67B,0.75,$1.54B,$0.90B,58.85%,$1.54B,$0.39B,25.13%,$1.54B,$0.39B,25.13%,$1.54B,$0.45B,29.49%,$1.54B,$0.37B,24.09%,$1.54B,$0.33B,21.29%,$0.33B,$0.67B,49.87%,$0.33B,$0.20B,146.31%,$0.33B,$1.68B,17.52%,$0.39B,$1.17B,31.36%,$333,$127,$206,$18,$99,$248,$85,$-2,$83,$10,$73,$73,$73,$100,$85,$97,98,$0.75,$0.75,$431,$191,$61,$963,$184,$0,$461,$66,$712,$1675,$344,$500,$92,$665,$1009,$1,$1987,$-21,$666,$1675,$73,$14,$8,$22,$6,$-18,$-24,$22,$-15,$81,$-22,$0,$-36,$-43,$0,$-43,$0,$-101,$48,$0,$48,$-63,$-63,$0,$1,$-14,$-40,$7,$0
39,2008-12-31,36.65,$6.75,5.43,$15.59,2.35,$8.52,4.3,$3.21,11.42,$0.96B,$0.29B,3.3,$0.50B,$0.66B,0.76,$1.58B,$0.91B,58.03%,$1.58B,$0.39B,24.70%,$1.58B,$0.39B,24.70%,$1.58B,$0.46B,28.89%,$1.58B,$0.37B,23.56%,$1.58B,$0.32B,20.44%,$0.32B,$0.66B,50.04%,$0.32B,$0.24B,144.88%,$0.32B,$1.62B,16.59%,$0.39B,$1.16B,30.97%,$418,$172,$246,$20,$101,$302,$116,$-4,$112,$13,$99,$99,$99,$129,$116,$99,101,$1.02,$1.01,$429,$173,$63,$956,$172,$0,$418,$77,$667,$1623,$290,$500,$95,$672,$962,$1,$1913,$-9,$661,$1623,$322,$65,$26,$91,$22,$-21,$-20,$24,$5,$418,$-69,$0,$-8,$96,$0,$96,$0,$19,$-348,$0,$-348,$-209,$-209,$0,$-16,$-573,$-169,$31,$0
40,2008-09-30,58.18,$6.56,8.86,$15.70,3.71,$8.07,7.21,$3.16,18.41,$1.43B,$0.67B,2.15,$0.65B,$0.65B,1.01,$1.59B,$0.92B,57.90%,$1.59B,$0.40B,25.28%,$1.59B,$0.40B,25.28%,$1.59B,$0.47B,29.49%,$1.59B,$0.38B,24.03%,$1.59B,$0.32B,20.20%,$0.32B,$0.65B,51.54%,$0.32B,$0.22B,157.46%,$0.32B,$2.10B,16.05%,$0.40B,$1.30B,32.57%,$386,$159,$228,$20,$107,$288,$98,$-5,$93,$22,$72,$72,$72,$112,$98,$99,101,$0.72,$0.71,$893,$206,$46,$1434,$167,$0,$421,$82,$670,$2104,$666,$650,$96,$793,$1459,$1,$1814,$59,$645,$2104,$223,$52,$19,$72,$28,$-43,$0,$25,$11,$306,$-49,$0,$-3,$96,$0,$96,$0,$44,$143,$0,$143,$-188,$-188,$0,$4,$-41,$295,$23,$0
41,2008-06-30,64.5,$6.58,9.81,$15.32,4.21,$7.70,8.38,$2.97,21.72,$1.39B,$0.62B,2.24,$0.65B,$0.65B,1.0,$1.56B,$0.89B,57.27%,$1.56B,$0.37B,23.96%,$1.56B,$0.37B,23.96%,$1.56B,$0.44B,28.25%,$1.56B,$0.35B,22.61%,$1.56B,$0.30B,19.41%,$0.30B,$0.65B,52.47%,$0.30B,$0.22B,189.67%,$0.30B,$2.06B,15.74%,$0.37B,$1.30B,32.45%,$399,$175,$224,$22,$112,$312,$87,$-5,$82,$-1,$83,$83,$83,$112,$87,$100,101,$0.83,$0.82,$831,$207,$48,$1390,$166,$0,$428,$80,$674,$2064,$621,$650,$90,$793,$1414,$1,$1743,$95,$651,$2064,$152,$39,$8,$47,$22,$-34,$-10,$26,$4,$203,$-33,$0,$0,$96,$0,$96,$0,$63,$100,$0,$100,$-138,$-138,$0,$5,$-33,$233,$16,$0
42,2008-03-31,55.7,$6.16,9.04,$14.83,3.76,$7.57,7.36,$2.74,20.33,$1.32B,$0.56B,2.35,$0.65B,$0.62B,1.05,$1.52B,$0.87B,57.43%,$1.52B,$0.36B,24.03%,$1.52B,$0.36B,24.03%,$1.52B,$0.42B,27.66%,$1.52B,$0.34B,22.57%,$1.52B,$0.28B,18.48%,$0.28B,$0.62B,54.96%,$0.28B,$0.20B,284.26%,$0.28B,$1.97B,15.33%,$0.36B,$1.27B,34.77%,$372,$155,$216,$20,$106,$283,$88,$-4,$84,$16,$68,$68,$68,$102,$88,$100,102,$0.68,$0.67,$759,$197,$49,$1322,$164,$0,$418,$70,$653,$1974,$564,$650,$90,$794,$1357,$1,$1659,$80,$617,$1974,$68,$14,$27,$40,$0,$-19,$-17,$23,$-13,$96,$-14,$0,$0,$38,$0,$38,$0,$23,$45,$0,$45,$-64,$-64,$0,$3,$-16,$103,$7,$0
43,2007-12-31,79.07,$5.80,13.62,$14.39,5.5,$7.45,10.62,$2.61,30.3,$1.24B,$0.66B,1.88,$0.50B,$0.59B,0.85,$1.47B,$0.84B,57.12%,$1.47B,$0.35B,23.68%,$1.47B,$0.35B,23.68%,$1.47B,$0.40B,27.34%,$1.47B,$0.32B,21.98%,$1.47B,$0.27B,18.18%,$0.27B,$0.59B,59.69%,$0.27B,$0.17B,623.26%,$0.27B,$1.88B,15.41%,$0.35B,$1.09B,36.78%,$437,$182,$255,$21,$102,$307,$130,$-6,$124,$25,$99,$99,$99,$144,$130,$101,103,$0.99,$0.97,$693,$176,$50,$1237,$161,$0,$414,$69,$644,$1881,$658,$500,$84,$637,$1295,$1,$1591,$66,$586,$1881,$268,$53,$42,$96,$-26,$-6,$32,$7,$7,$371,$-60,$0,$-8,$-96,$-4,$-99,$0,$-168,$-19,$0,$-19,$-109,$-109,$0,$9,$-120,$83,$29,$0
44,2007-09-30,66.92,$4.55,14.72,$13.84,4.84,$6.45,10.37,$2.43,27.54,$1.13B,$0.69B,1.64,$0.50B,$0.46B,1.1,$1.42B,$0.81B,57.02%,$1.42B,$0.33B,22.89%,$1.42B,$0.33B,22.89%,$1.42B,$0.38B,26.47%,$1.42B,$0.29B,20.65%,$1.42B,$0.25B,17.49%,$0.25B,$0.46B,63.36%,$0.25B,$0.05B,-2929.41%,$0.25B,$1.78B,14.88%,$0.33B,$0.96B,36.51%,$353,$154,$199,$22,$106,$283,$69,$-7,$63,$9,$53,$53,$53,$83,$69,$100,102,$0.53,$0.52,$626,$191,$42,$1130,$158,$0,$411,$84,$653,$1782,$688,$500,$83,$638,$1327,$1,$1492,$61,$456,$1782,$169,$40,$25,$64,$15,$-22,$37,$4,$33,$267,$-45,$0,$-6,$-107,$-4,$-111,$0,$-162,$7,$0,$7,$-130,$-130,$0,$15,$-107,$5,$21,$0
45,2007-06-30,59.36,$3.79,15.65,$13.29,4.47,$5.90,10.06,$2.40,24.73,$1.03B,$0.64B,1.61,$0.50B,$0.38B,1.32,$1.37B,$0.79B,57.36%,$1.37B,$0.32B,23.54%,$1.37B,$0.32B,23.54%,$1.37B,$0.37B,27.19%,$1.37B,$0.29B,21.14%,$1.37B,$0.25B,17.93%,$0.25B,$0.38B,71.46%,$0.25B,$-0.02B,-728.89%,$0.25B,$1.67B,15.34%,$0.32B,$0.88B,38.26%,$353,$152,$200,$19,$102,$276,$77,$-6,$71,$11,$60,$60,$60,$90,$77,$100,102,$0.60,$0.59,$544,$178,$42,$1034,$152,$0,$400,$80,$632,$1667,$644,$500,$79,$644,$1288,$1,$1439,$49,$379,$1667,$116,$26,$17,$43,$5,$-11,$9,$26,$28,$187,$-27,$0,$1,$-174,$-4,$-178,$0,$-204,$-14,$0,$-14,$-124,$-124,$0,$9,$-129,$-144,$14,$0
46,2007-03-31,58.0,$3.72,15.6,$12.73,4.56,$5.49,10.57,$2.27,25.55,$1.01B,$0.61B,1.64,$0.50B,$0.38B,1.33,$1.32B,$0.76B,57.76%,$1.32B,$0.31B,23.39%,$1.32B,$0.31B,23.39%,$1.32B,$0.36B,27.10%,$1.32B,$0.28B,20.89%,$1.32B,$0.23B,17.71%,$0.23B,$0.38B,74.94%,$0.23B,$-0.02B,-537.93%,$0.23B,$1.63B,15.06%,$0.31B,$0.88B,38.04%,$331,$143,$188,$19,$94,$258,$73,$-7,$66,$10,$56,$56,$56,$86,$73,$101,103,$0.55,$0.54,$504,$178,$49,$1009,$150,$0,$398,$71,$620,$1628,$614,$500,$78,$640,$1253,$1,$1379,$46,$375,$1628,$56,$13,$10,$23,$-3,$-11,$-3,$20,$4,$83,$-13,$0,$1,$-119,$0,$-119,$0,$-131,$-32,$0,$-32,$-56,$-56,$0,$7,$-82,$-130,$7,$0
47,2006-12-31,48.97,$3.57,13.7,$12.27,3.99,$5.45,8.98,$2.15,22.78,$1.00B,$0.69B,1.46,$0.50B,$0.36B,1.38,$1.28B,$0.75B,58.20%,$1.28B,$0.30B,23.05%,$1.28B,$0.30B,23.05%,$1.28B,$0.34B,26.72%,$1.28B,$0.26B,20.55%,$1.28B,$0.22B,17.34%,$0.22B,$0.36B,78.38%,$0.22B,$-0.03B,-444.00%,$0.22B,$1.62B,14.73%,$0.30B,$0.86B,37.66%,$387,$162,$225,$19,$96,$280,$107,$-13,$94,$14,$80,$80,$80,$118,$107,$103,104,$0.79,$0.76,$514,$168,$45,$1000,$149,$0,$397,$72,$618,$1617,$686,$500,$11,$569,$1255,$1,$1327,$44,$362,$1617,$222,$46,$43,$89,$-7,$-30,$2,$-12,$-47,$264,$-51,$0,$-79,$0,$0,$0,$0,$-130,$72,$0,$72,$-209,$-209,$0,$11,$-126,$21,$29,$0
