,Date,Stock Price,Book Value per Share,Price to Book Ratio,TTM Sales per Share,Price to Sales Ratio,TTM FCF per Share,Price to FCF Ratio,TTM Net EPS,PE Ratio,Current Assets,Current Liabilities,Current Ratio,Long Term Debt,Shareholder's Equity_x,Debt to Equity Ratio,TTM Revenue_x,TTM Gross Profit,Gross Margin,TTM Revenue_y,TTM Operating Income,Operating Margin,TTM Revenue_x,TTM EBIT,EBIT Margin,TTM Revenue_y,TTM EBITDA,EBITDA Margin,TTM Revenue_x,TTM Pre-Tax Income,Pre-Tax Margin,TTM Revenue_y,TTM Net Income_x,Net Margin,TTM Net Income_y,Shareholder's Equity_y,Return on Equity,TTM Net Income_x,Tangible Equity,Return on Tangible Equity,TTM Net Income_y,Total Assets,Return on Assets,TTM Net Income,LT Investments & Debt,Return on Investment,revenue,cost-goods-sold,gross-profit,research-development-expenses,selling-general-administrative-expenses,operating-expenses,operating-income,total-non-operating-income-expense,pre-tax-income,total-provision-income-taxes,income-after-taxes,income-from-continuous-operations,net-income,ebitda,ebit,basic-shares-outstanding,shares-outstanding,eps-basic-net-earnings-per-share,eps-earnings-per-share-diluted,cash-on-hand,inventory,other-current-assets,total-current-assets,net-property-plant-equipment,long-term-investments,goodwill-intangible-assets-total,other-long-term-assets,total-long-term-assets,total-assets,total-current-liabilities,long-term-debt,other-non-current-liabilities,total-long-term-liabilities,total-liabilities,common-stock-net,retained-earnings-accumulated-deficit,comprehensive-income,total-share-holder-equity,total-liabilities-share-holders-equity,net-income-loss,total-depreciation-amortization-cash-flow,other-non-cash-items,total-non-cash-items,change-in-accounts-receivable,change-in-inventories,change-in-accounts-payable,change-in-assets-liabilities,total-change-in-assets-liabilities,cash-flow-from-operating-activities,net-change-in-property-plant-equipment,net-change-in-intangible-assets,net-acquisitions-divestitures,net-change-in-short-term-investments,net-change-in-long-term-investments,net-change-in-investments-total,investing-activities-other,cash-flow-from-investing-activities,net-long-term-debt,net-current-debt,debt-issuance-retirement-net-total,net-common-equity-issued-repurchased,net-total-equity-issued-repurchased,total-common-preferred-stock-dividends-paid,financial-activities-other,cash-flow-from-financial-activities,net-cash-flow,stock-based-compensation,common-stock-dividends-paid
0,2018-08-31,68.56,$28.03,2.45,$131.68,0.52,$15.12,4.53,$5.07,13.52,$17.85B,$21.67B,0.82,$12.43B,$26.69B,0.47,$131.54B,$30.79B,23.41%,$131.54B,$6.41B,4.88%,$131.54B,$6.61B,5.02%,$131.54B,$8.38B,6.37%,$131.54B,$5.98B,4.54%,$131.54B,$5.02B,3.82%,$5.02B,$26.69B,18.25%,$5.02B,$-2.01B,-564.49%,$5.02B,$68.12B,7.29%,$6.41B,$39.12B,16.01%,$33442,$25867,$7575,$0,$6113,$31931,$1511,$150,$1661,$159,$1502,$1514,$1512,$2030,$1560,$991,995,$1.54,$1.53,$785,$9565,$923,$17846,$13911,$6610,$28697,$1060,$50278,$68124,$21667,$12431,$5522,$19768,$41435,$12,$33551,$-3002,$26689,$68124,$5031,$1770,$-477,$1293,$-391,$331,$1323,$-297,$1941,$8265,$-1367,$0,$-4138,$0,$0,$0,$4,$-5501,$1010,$586,$1596,$-5054,$-5054,$-1739,$-98,$-5295,$-2516,$130,$-1739
1,2018-05-31,62.0,$28.69,2.16,$126.02,0.49,$14.07,4.41,$4.28,14.49,$19.99B,$21.48B,0.93,$12.46B,$28.47B,0.44,$128.24B,$30.56B,23.83%,$128.24B,$6.02B,4.69%,$128.24B,$6.15B,4.80%,$128.24B,$7.86B,6.13%,$128.24B,$5.25B,4.09%,$128.24B,$4.31B,3.36%,$4.31B,$28.47B,15.45%,$4.31B,$-0.73B,1847.54%,$4.31B,$70.15B,6.31%,$6.02B,$40.93B,14.85%,$34334,$26554,$7780,$0,$6231,$32733,$1601,$-161,$1440,$109,$1331,$1346,$1342,$2095,$1653,$992,995,$1.35,$1.35,$1818,$9889,$1122,$19988,$13938,$6272,$29200,$754,$50164,$70152,$21482,$12456,$5771,$20200,$41682,$12,$32460,$-2792,$28470,$70152,$3517,$1300,$-209,$1091,$-762,$230,$627,$-121,$777,$5385,$-983,$0,$-4220,$0,$0,$0,$92,$-5111,$1536,$596,$2132,$-2407,$-2407,$-1291,$-217,$-1783,$-1483,$91,$-1291
2,2018-02-28,68.05,$28.41,2.39,$119.35,0.57,$14.05,4.84,$4.00,17.01,$20.36B,$22.56B,0.9,$12.53B,$28.18B,0.45,$124.03B,$29.92B,24.13%,$124.03B,$5.93B,4.78%,$124.03B,$6.10B,4.92%,$124.03B,$7.78B,6.27%,$124.03B,$5.16B,4.16%,$124.03B,$4.13B,3.33%,$4.13B,$28.18B,14.42%,$4.13B,$-1.06B,222.74%,$4.13B,$70.82B,5.96%,$5.93B,$40.71B,14.21%,$33021,$24925,$8096,$0,$6318,$31041,$1980,$-142,$1838,$503,$1335,$1349,$1349,$2624,$2182,$991,996,$1.36,$1.36,$1749,$10316,$1012,$20358,$14045,$6431,$29237,$745,$50458,$70816,$22559,$12532,$5601,$20079,$42638,$12,$31513,$-2163,$28178,$70816,$2171,$858,$-441,$417,$-637,$-314,$592,$-138,$588,$3176,$0,$0,$0,$0,$0,$0,$0,$-4156,$1810,$836,$2646,$-2442,$-2442,$-815,$-5,$-616,$-1552,$63,$-815
3,2017-11-30,71.45,$27.01,2.65,$113.30,0.63,$13.97,5.11,$3.62,19.74,$19.68B,$20.52B,0.96,$12.74B,$26.76B,0.48,$120.45B,$29.39B,24.40%,$120.45B,$5.43B,4.51%,$120.45B,$5.44B,4.51%,$120.45B,$7.09B,5.89%,$120.45B,$4.61B,3.83%,$120.45B,$3.85B,3.19%,$3.85B,$26.76B,13.15%,$3.85B,$0.24B,109.54%,$3.85B,$66.62B,5.51%,$5.43B,$39.49B,12.45%,$30740,$23399,$7341,$0,$5907,$29418,$1322,$-286,$1036,$227,$809,$822,$821,$1626,$1210,$1006,1011,$0.82,$0.81,$1830,$10010,$983,$19681,$13693,$6028,$26519,$697,$46937,$66618,$20517,$12737,$4289,$19345,$39862,$12,$30560,$-2543,$26756,$66618,$822,$416,$213,$629,$-362,$-1018,$1011,$-145,$-490,$961,$-378,$0,$-265,$0,$0,$0,$44,$-599,$18,$1026,$1044,$-2493,$-2493,$-413,$5,$-1857,$-1471,$25,$-413
4,2017-08-31,79.59,$27.62,2.88,$109.09,0.73,$13.93,5.71,$3.78,21.05,$19.75B,$18.55B,1.07,$12.68B,$28.27B,0.45,$118.21B,$29.16B,24.67%,$118.21B,$5.56B,4.70%,$118.21B,$5.69B,4.81%,$118.21B,$7.35B,6.21%,$118.21B,$4.85B,4.11%,$118.21B,$4.08B,3.45%,$4.08B,$28.27B,13.61%,$4.08B,$2.49B,87.87%,$4.08B,$66.01B,5.73%,$5.56B,$40.96B,12.18%,$30149,$22809,$7340,$0,$6218,$29035,$1114,$-182,$932,$126,$806,$807,$802,$1516,$1106,$1074,1079,$0.77,$0.76,$3301,$8899,$1025,$19753,$13642,$6320,$25788,$506,$46256,$66009,$18547,$12684,$4223,$19188,$37735,$12,$30137,$-3051,$28274,$66009,$4101,$1654,$-122,$1532,$-153,$98,$1690,$67,$1618,$7251,$-907,$0,$-29,$0,$0,$0,$93,$-843,$-6196,$33,$-6163,$-5003,$-5003,$-1723,$-45,$-12934,$-6506,$91,$-1723
5,2017-05-31,78.73,$29.42,2.68,$107.38,0.73,$14.08,5.59,$3.97,19.83,$28.15B,$21.71B,1.3,$14.37B,$31.48B,0.46,$116.70B,$28.98B,24.83%,$116.70B,$5.58B,4.78%,$116.70B,$5.76B,4.94%,$116.70B,$7.45B,6.38%,$116.70B,$5.15B,4.42%,$116.70B,$4.31B,3.69%,$4.31B,$31.48B,14.13%,$4.31B,$5.76B,83.90%,$4.31B,$74.17B,5.91%,$5.58B,$45.86B,11.72%,$30118,$22973,$7145,$0,$5712,$28601,$1517,$-163,$1354,$168,$1186,$1165,$1162,$2014,$1601,$1077,1083,$1.08,$1.07,$12253,$8681,$879,$28152,$13535,$6323,$25724,$439,$46021,$74173,$21713,$14372,$4201,$20976,$42689,$12,$29744,$-3303,$31484,$74173,$3294,$1244,$-1,$1243,$-153,$259,$821,$35,$700,$5237,$-476,$0,$-63,$0,$0,$0,$87,$-452,$-40,$277,$237,$-1283,$-1283,$-1228,$-59,$-2333,$2446,$71,$-1228
6,2017-02-28,83.57,$28.15,2.97,$106.67,0.78,$13.68,6.11,$3.91,21.37,$27.51B,$17.68B,1.56,$17.76B,$30.42B,0.58,$116.08B,$29.27B,25.21%,$116.08B,$5.60B,4.82%,$116.08B,$5.70B,4.91%,$116.08B,$7.42B,6.39%,$116.08B,$5.21B,4.49%,$116.08B,$4.25B,3.66%,$4.25B,$30.42B,13.96%,$4.25B,$5.56B,92.20%,$4.25B,$72.51B,5.97%,$5.60B,$48.18B,11.84%,$29446,$21885,$7561,$0,$6124,$27967,$1479,$-187,$1292,$246,$1046,$1062,$1060,$1933,$1521,$1080,1086,$0.98,$0.98,$11822,$9230,$783,$27509,$13528,$6164,$24864,$440,$44996,$72505,$17678,$17758,$4309,$24406,$42084,$12,$28987,$-3809,$30421,$72505,$2129,$831,$-77,$754,$189,$-507,$789,$183,$499,$3382,$0,$0,$0,$0,$0,$0,$0,$-197,$-9,$76,$67,$-341,$-341,$-817,$-31,$-1122,$2015,$52,$-817
7,2016-11-30,81.61,$27.52,2.97,$107.27,0.76,$12.85,6.35,$3.78,21.59,$26.67B,$17.73B,1.5,$17.78B,$29.69B,0.6,$116.82B,$29.57B,25.31%,$116.82B,$5.98B,5.12%,$116.82B,$6.03B,5.17%,$116.82B,$7.79B,6.67%,$116.82B,$5.15B,4.41%,$116.82B,$4.12B,3.52%,$4.12B,$29.69B,13.59%,$4.12B,$4.76B,103.77%,$4.12B,$71.91B,5.92%,$5.98B,$47.47B,13.01%,$28501,$21385,$7116,$0,$5686,$27054,$1447,$-172,$1275,$220,$1055,$1067,$1054,$1883,$1464,$1082,1088,$0.97,$0.97,$9598,$10039,$893,$26668,$13709,$6136,$24931,$468,$45244,$71912,$17729,$17777,$4198,$24491,$42220,$12,$28332,$-3810,$29692,$71912,$1067,$419,$17,$436,$-259,$-1330,$884,$-112,$-978,$525,$58,$0,$-15,$0,$0,$0,$46,$89,$-4,$49,$45,$-416,$-416,$-406,$-1,$-778,$-209,$26,$-406
8,2016-08-31,77.39,$27.96,2.77,$107.51,0.72,$12.72,6.09,$3.82,20.26,$25.88B,$17.01B,1.52,$18.71B,$30.28B,0.62,$117.35B,$29.87B,25.46%,$117.35B,$6.00B,5.11%,$117.35B,$6.04B,5.15%,$117.35B,$7.76B,6.61%,$117.35B,$5.14B,4.38%,$117.35B,$4.17B,3.56%,$4.17B,$30.28B,13.61%,$4.17B,$4.45B,119.00%,$4.17B,$72.69B,6.07%,$6.00B,$48.99B,13.28%,$28636,$21481,$7155,$0,$6049,$27496,$1140,$93,$1233,$207,$1026,$1035,$1030,$1621,$1174,$1083,1091,$0.95,$0.95,$9807,$8956,$860,$25883,$14335,$6174,$25829,$467,$46805,$72688,$17013,$18705,$4045,$25394,$42407,$12,$27684,$-2992,$30281,$72688,$4191,$1718,$256,$1974,$115,$-644,$1572,$124,$1682,$7847,$-1265,$0,$103,$0,$-2360,$-2360,$5,$-3517,$5200,$29,$5229,$-917,$-917,$-1563,$-143,$2606,$6807,$115,$-1563
9,2016-05-31,73.88,$28.95,2.55,$108.33,0.68,$11.69,6.32,$2.89,25.56,$19.71B,$15.81B,1.25,$13.15B,$31.31B,0.42,$117.24B,$29.81B,25.43%,$117.24B,$5.70B,4.86%,$117.24B,$5.70B,4.86%,$117.24B,$7.45B,6.35%,$117.24B,$3.87B,3.30%,$117.24B,$3.17B,2.70%,$3.17B,$31.31B,10.25%,$3.17B,$3.66B,104.31%,$3.17B,$67.33B,4.67%,$5.70B,$44.47B,12.92%,$29498,$22065,$7433,$0,$5903,$27965,$1533,$-119,$1414,$322,$1092,$1107,$1103,$1983,$1536,$1081,1088,$1.02,$1.01,$3291,$8931,$983,$19713,$14493,$0,$27658,$5469,$47620,$67333,$15811,$13151,$3999,$20208,$36019,$12,$27061,$-1277,$31314,$67333,$3156,$1271,$630,$1901,$8,$-481,$686,$31,$132,$5189,$-844,$0,$-47,$0,$-1169,$-1169,$99,$-1961,$-31,$-658,$-689,$-977,$-977,$-1174,$-54,$-2894,$291,$87,$-1174
10,2016-02-29,75.0,$27.71,2.71,$107.34,0.7,$11.45,6.55,$3.06,24.51,$20.38B,$16.27B,1.25,$12.97B,$29.92B,0.43,$116.53B,$29.86B,25.62%,$116.53B,$5.57B,4.78%,$116.53B,$5.57B,4.78%,$116.53B,$7.31B,6.27%,$116.53B,$4.17B,3.58%,$116.53B,$3.37B,2.89%,$3.37B,$29.92B,10.84%,$3.37B,$3.00B,113.83%,$3.37B,$66.39B,4.91%,$5.57B,$42.89B,12.45%,$30184,$22317,$7867,$0,$6007,$28324,$1860,$-636,$1224,$301,$923,$932,$930,$2302,$1860,$1080,1088,$0.86,$0.85,$3586,$9025,$1034,$20378,$14552,$0,$26918,$4537,$46007,$66385,$16272,$12974,$4114,$20195,$36467,$12,$26348,$-1868,$29918,$66385,$2049,$824,$651,$1475,$-152,$-553,$160,$93,$-439,$3085,$-597,$0,$-43,$0,$0,$0,$88,$-552,$-81,$61,$-20,$-1023,$-1023,$-787,$-29,$-1859,$586,$60,$-787
11,2015-11-30,79.47,$28.70,2.77,$104.81,0.76,$11.31,7.03,$4.14,19.19,$20.23B,$16.87B,1.2,$13.19B,$31.15B,0.42,$112.92B,$28.88B,25.57%,$112.92B,$5.08B,4.50%,$112.92B,$5.18B,4.59%,$112.92B,$6.99B,6.19%,$112.92B,$5.39B,4.77%,$112.92B,$4.48B,3.97%,$4.48B,$31.15B,14.29%,$4.48B,$2.92B,169.18%,$4.48B,$68.66B,6.41%,$5.08B,$44.35B,11.11%,$29033,$21614,$7419,$0,$5951,$27565,$1468,$-195,$1273,$167,$1106,$1117,$1110,$1850,$1468,$1089,1099,$1.02,$1.01,$2570,$9884,$956,$20231,$14878,$0,$28235,$5313,$48426,$68657,$16874,$13194,$4122,$20629,$37503,$12,$25806,$-658,$31154,$68657,$1117,$382,$34,$416,$-166,$-1306,$740,$29,$-801,$732,$-286,$0,$-29,$0,$0,$0,$44,$-271,$-41,$52,$11,$-458,$-458,$-393,$-13,$-853,$-430,$31,$-393
12,2015-08-31,81.48,$28.72,2.84,$98.83,0.82,$11.93,6.83,$3.98,20.47,$19.66B,$16.56B,1.19,$13.32B,$31.30B,0.43,$103.44B,$26.75B,25.86%,$103.44B,$4.67B,4.51%,$103.44B,$4.98B,4.82%,$103.44B,$6.73B,6.50%,$103.44B,$5.31B,5.13%,$103.44B,$4.22B,4.08%,$4.22B,$31.30B,14.68%,$4.22B,$2.58B,64.71%,$4.22B,$68.78B,6.51%,$4.67B,$44.62B,10.78%,$28522,$21428,$7094,$0,$6258,$27686,$836,$-877,$-41,$-64,$23,$32,$26,$1314,$836,$1043,1054,$0.00,$0.00,$3000,$8678,$1130,$19657,$15068,$1242,$28723,$4092,$49125,$68782,$16557,$13315,$4072,$20925,$37482,$12,$25089,$-214,$31300,$68782,$4279,$1742,$-852,$890,$-338,$719,$268,$11,$495,$5664,$-384,$0,$-4018,$0,$0,$0,$126,$-4276,$1813,$-226,$1587,$-723,$-723,$-1384,$-395,$-915,$354,$109,$-1384
13,2015-05-31,80.5,$29.24,2.75,$91.51,0.88,$9.88,8.15,$3.71,21.7,$21.03B,$16.16B,1.3,$15.06B,$31.93B,0.47,$93.98B,$24.99B,26.59%,$93.98B,$4.86B,5.17%,$93.98B,$5.37B,5.72%,$93.98B,$6.95B,7.40%,$93.98B,$5.57B,5.92%,$93.98B,$4.00B,4.26%,$4.00B,$31.93B,15.34%,$4.00B,$3.34B,39.43%,$4.00B,$70.64B,7.02%,$4.86B,$46.98B,12.72%,$28795,$21314,$7481,$0,$6080,$27394,$1401,$310,$1711,$408,$1303,$1310,$1302,$1839,$1401,$1091,1102,$1.19,$1.18,$4449,$8764,$917,$21029,$15241,$0,$28590,$5784,$49615,$70644,$16157,$15055,$3971,$22558,$38715,$12,$25460,$-141,$31929,$70644,$4247,$1264,$-1384,$-120,$-273,$679,$19,$-62,$32,$4159,$-23,$0,$-3759,$0,$0,$0,$-102,$-3884,$3697,$-251,$3446,$-431,$-431,$-1013,$-380,$1622,$1803,$86,$-1013
14,2015-02-28,77.61,$28.39,2.73,$85.44,0.91,$8.02,9.68,$3.28,23.66,$20.72B,$16.69B,1.24,$16.00B,$31.03B,0.52,$84.59B,$22.95B,27.13%,$84.59B,$4.48B,5.30%,$84.59B,$5.13B,6.06%,$84.59B,$6.61B,7.81%,$84.59B,$4.97B,5.87%,$84.59B,$3.41B,4.03%,$3.41B,$31.03B,14.54%,$3.41B,$1.76B,24.22%,$3.41B,$71.36B,7.02%,$4.48B,$47.03B,13.68%,$26573,$19691,$6882,$0,$5606,$25196,$1377,$1066,$2443,$391,$2052,$2060,$2042,$1985,$1478,$1044,1055,$1.96,$1.93,$3005,$9379,$1314,$20715,$15646,$0,$29269,$5727,$50642,$71357,$16690,$16001,$3951,$23641,$40331,$12,$24526,$-68,$31026,$71357,$2937,$826,$-1312,$-486,$-391,$106,$363,$-73,$-114,$2337,$-81,$0,$-4553,$0,$0,$0,$-74,$-4708,$4462,$-330,$4132,$-301,$-301,$-642,$-360,$2829,$359,$0,$-642
15,2014-11-30,63.82,$21.96,2.91,$80.59,0.79,$6.55,9.74,$2.13,29.96,$23.28B,$9.88B,2.36,$13.76B,$20.77B,0.66,$77.62B,$21.71B,27.97%,$77.62B,$4.32B,5.57%,$77.62B,$5.00B,6.45%,$77.62B,$6.31B,8.13%,$77.62B,$3.65B,4.70%,$77.62B,$2.09B,2.69%,$2.09B,$20.77B,9.97%,$2.09B,$18.41B,11.44%,$2.09B,$48.61B,5.21%,$4.32B,$34.52B,15.81%,$19554,$14258,$5296,$0,$4456,$18500,$1054,$144,$1198,$321,$877,$877,$850,$1587,$1268,$946,956,$0.90,$0.89,$12861,$6518,$322,$23280,$12103,$7335,$2356,$3538,$25332,$48612,$9877,$13756,$3081,$17968,$27845,$80,$22717,$222,$20767,$48612,$877,$319,$-327,$-8,$-353,$-436,$874,$-47,$162,$1031,$-44,$0,$-10,$-1,$0,$-1,$0,$-55,$10020,$0,$10020,$-388,$-388,$-322,$-61,$9249,$10215,$31,$-322
16,2014-08-31,56.29,$21.69,2.59,$79.20,0.71,$5.28,10.66,$2.00,28.15,$12.24B,$8.90B,1.38,$3.72B,$20.62B,0.18,$76.39B,$21.57B,28.23%,$76.39B,$4.19B,5.49%,$76.39B,$4.81B,6.30%,$76.39B,$6.13B,8.02%,$76.39B,$3.56B,4.66%,$76.39B,$1.93B,2.53%,$1.93B,$20.62B,9.31%,$1.93B,$17.08B,10.71%,$1.93B,$37.25B,5.21%,$4.19B,$24.33B,16.87%,$19057,$13730,$5327,$0,$4493,$18028,$1029,$-814,$215,$374,$-159,$-159,$-193,$1539,$1224,$953,965,$-0.20,$-0.20,$2646,$6076,$302,$12242,$12257,$7336,$3539,$1876,$25008,$37250,$8895,$3716,$2942,$7738,$16633,$80,$22327,$136,$20617,$37250,$2031,$1316,$336,$1652,$-616,$860,$-339,$93,$210,$3893,$-1039,$0,$-251,$0,$-493,$-493,$52,$-1731,$-282,$0,$-282,$-93,$-93,$-1199,$-48,$-1622,$540,$114,$-1199
17,2014-05-31,66.89,$22.46,2.98,$78.24,0.85,$5.68,11.78,$2.94,22.75,$11.93B,$8.41B,1.42,$3.75B,$21.49B,0.17,$75.28B,$21.43B,28.47%,$75.28B,$4.35B,5.77%,$75.28B,$5.04B,6.70%,$75.28B,$6.37B,8.46%,$75.28B,$4.51B,5.99%,$75.28B,$2.88B,3.83%,$2.88B,$21.49B,14.08%,$2.88B,$19.12B,15.98%,$2.88B,$37.39B,7.87%,$4.35B,$25.23B,17.55%,$19401,$13961,$5440,$0,$4551,$18377,$1024,$89,$1113,$357,$756,$756,$714,$1497,$1159,$955,968,$0.75,$0.74,$2126,$6439,$334,$11928,$12088,$7959,$2365,$3051,$25463,$37391,$8409,$3747,$2740,$7497,$15906,$80,$22790,$202,$21485,$37391,$2218,$1001,$-322,$679,$-411,$493,$-425,$104,$-388,$2509,$-677,$0,$-323,$1,$-493,$-492,$-53,$-1545,$-325,$0,$-325,$313,$313,$-898,$-34,$-944,$20,$85,$-898
18,2014-02-28,63.2,$21.83,2.9,$77.28,0.82,$6.19,10.22,$2.84,22.26,$12.04B,$8.50B,1.42,$4.49B,$20.83B,0.22,$74.19B,$21.22B,28.60%,$74.19B,$4.31B,5.81%,$74.19B,$5.01B,6.75%,$74.19B,$6.31B,8.51%,$74.19B,$4.42B,5.95%,$74.19B,$2.79B,3.76%,$2.79B,$20.83B,14.07%,$2.79B,$18.38B,16.04%,$2.79B,$37.08B,7.70%,$4.31B,$25.32B,17.73%,$19605,$13955,$5650,$0,$4569,$18388,$1217,$-96,$1121,$391,$730,$730,$716,$1684,$1353,$952,964,$0.75,$0.74,$1777,$7213,$272,$12036,$12136,$7708,$2455,$2746,$25045,$37081,$8499,$4489,$2382,$7749,$16248,$80,$22370,$126,$20833,$37081,$1462,$663,$-367,$296,$-117,$-288,$-171,$33,$-521,$1237,$-591,$0,$-297,$0,$-430,$-430,$150,$-1168,$0,$0,$0,$211,$211,$-597,$-12,$-398,$-329,$52,$-597
19,2013-11-30,55.07,$21.11,2.61,$76.50,0.72,$6.79,8.1,$2.85,19.32,$11.72B,$8.82B,1.33,$4.50B,$20.06B,0.22,$73.23B,$21.17B,28.91%,$73.23B,$4.31B,5.89%,$73.23B,$4.95B,6.76%,$73.23B,$6.26B,8.54%,$73.23B,$4.49B,6.13%,$73.23B,$2.83B,3.86%,$2.83B,$20.06B,14.61%,$2.83B,$17.57B,16.70%,$2.83B,$36.48B,7.90%,$4.31B,$24.56B,17.96%,$18329,$13177,$5152,$0,$4379,$17405,$924,$184,$1108,$404,$704,$704,$695,$1407,$1075,$949,962,$0.73,$0.72,$969,$7729,$297,$11722,$12351,$7295,$2491,$2622,$24759,$36481,$8821,$4501,$2325,$7604,$16425,$80,$21918,$22,$20056,$36481,$704,$332,$-132,$200,$-74,$-815,$97,$63,$-771,$133,$-364,$0,$-243,$0,$-290,$-290,$-28,$-925,$0,$0,$0,$-32,$-32,$-298,$-15,$-345,$-1137,$21,$-298
20,2013-08-31,44.48,$20.55,2.16,$75.64,0.59,$7.31,6.08,$2.56,17.38,$11.87B,$8.88B,1.34,$4.48B,$19.45B,0.23,$72.22B,$21.12B,29.24%,$72.22B,$4.09B,5.67%,$72.22B,$4.59B,6.35%,$72.22B,$5.87B,8.13%,$72.22B,$4.05B,5.60%,$72.22B,$2.55B,3.53%,$2.55B,$19.45B,13.45%,$2.55B,$17.04B,15.40%,$2.55B,$35.48B,7.17%,$4.09B,$23.93B,17.25%,$17941,$12750,$5191,$0,$4286,$16760,$1181,$-12,$1169,$414,$755,$755,$755,$1782,$1457,$946,955,$0.79,$0.80,$2106,$6852,$284,$11874,$12138,$7100,$2410,$1959,$23607,$35481,$8883,$4477,$2067,$7144,$16027,$80,$21523,$-98,$19454,$35481,$2548,$1283,$-197,$1086,$-449,$321,$182,$86,$667,$4301,$-1097,$0,$-610,$-50,$-224,$-274,$-15,$-1996,$-300,$0,$-300,$-129,$-129,$-1040,$-27,$-1496,$809,$104,$-1040
21,2013-05-31,43.91,$20.08,2.19,$76.26,0.58,$7.23,6.07,$2.26,19.43,$12.57B,$9.69B,1.3,$4.50B,$18.98B,0.24,$71.35B,$20.76B,29.10%,$71.35B,$3.50B,4.90%,$71.35B,$3.72B,5.21%,$71.35B,$4.99B,6.99%,$71.35B,$3.43B,4.80%,$71.35B,$2.15B,3.01%,$2.15B,$18.98B,11.51%,$2.15B,$16.58B,13.16%,$2.15B,$35.84B,6.13%,$3.50B,$23.48B,15.00%,$18313,$13091,$5222,$0,$4362,$17322,$991,$27,$1018,$394,$624,$624,$624,$1440,$1122,$948,959,$0.66,$0.65,$2994,$6881,$278,$12571,$12075,$7042,$2400,$1753,$23270,$35841,$9690,$4501,$2093,$7171,$16861,$80,$21166,$-121,$18980,$35841,$1793,$958,$-134,$824,$-214,$288,$78,$108,$561,$3178,$-874,$0,$-568,$-50,$0,$-50,$-13,$-1505,$1000,$0,$1000,$-176,$-176,$-780,$-20,$24,$1697,$70,$-780
22,2013-02-28,37.43,$20.02,1.87,$77.68,0.48,$7.79,4.81,$2.23,16.79,$12.43B,$9.03B,1.38,$5.06B,$18.97B,0.27,$70.79B,$20.56B,29.04%,$70.79B,$3.38B,4.77%,$70.79B,$3.47B,4.90%,$70.79B,$4.71B,6.66%,$70.79B,$3.27B,4.61%,$70.79B,$2.06B,2.91%,$2.06B,$18.97B,11.66%,$2.06B,$16.59B,13.39%,$2.06B,$35.56B,6.26%,$3.38B,$24.03B,15.50%,$18647,$13040,$5607,$0,$4497,$17432,$1215,$-23,$1192,$436,$756,$756,$756,$1627,$1300,$945,953,$0.80,$0.79,$2431,$7253,$267,$12432,$12048,$7065,$2387,$1632,$23132,$35564,$9025,$5058,$1991,$7566,$16591,$80,$20804,$35,$18973,$35564,$1169,$640,$-9,$631,$-292,$-93,$-63,$81,$-1,$1799,$-581,$0,$-532,$-49,$0,$-49,$-10,$-1172,$1000,$0,$1000,$54,$54,$-520,$-27,$507,$1134,$45,$-520
23,2012-11-30,30.8,$19.45,1.58,$79.44,0.39,$7.76,3.97,$2.22,13.87,$12.16B,$9.32B,1.31,$5.07B,$18.38B,0.28,$70.79B,$20.34B,28.73%,$70.79B,$3.27B,4.62%,$70.79B,$3.27B,4.62%,$70.79B,$4.48B,6.32%,$70.79B,$3.16B,4.47%,$70.79B,$1.99B,2.81%,$1.99B,$18.38B,11.95%,$1.99B,$15.98B,13.78%,$1.99B,$35.26B,6.48%,$3.27B,$23.45B,16.27%,$17316,$12217,$5099,$0,$4398,$16611,$705,$-37,$668,$255,$413,$413,$413,$1022,$709,$945,951,$0.44,$0.43,$1829,$7821,$248,$12162,$12110,$6988,$2404,$1595,$23097,$35259,$9320,$5069,$1932,$7560,$16880,$80,$20308,$45,$18379,$35259,$413,$313,$89,$402,$-98,$-698,$389,$14,$-214,$601,$-336,$0,$-471,$0,$0,$0,$-2,$-809,$1000,$0,$1000,$-5,$-5,$-260,$5,$740,$532,$20,$-260
24,2012-08-31,32.22,$19.32,1.67,$81.75,0.39,$7.92,4.07,$2.42,13.31,$10.76B,$8.72B,1.23,$4.07B,$18.24B,0.22,$71.63B,$20.34B,28.40%,$71.63B,$3.46B,4.84%,$71.63B,$3.46B,4.84%,$71.63B,$4.63B,6.46%,$71.63B,$3.38B,4.71%,$71.63B,$2.13B,2.97%,$2.13B,$18.24B,13.56%,$2.13B,$16.08B,15.66%,$2.13B,$33.46B,7.42%,$3.46B,$22.31B,18.73%,$17073,$12238,$4835,$0,$4249,$16487,$586,$-37,$549,$196,$353,$353,$353,$896,$586,$875,880,$0.38,$0.39,$1297,$7036,$260,$10760,$12038,$7006,$2161,$1497,$22702,$33462,$8722,$4073,$1886,$6504,$15226,$80,$20156,$68,$18236,$33462,$2127,$1166,$407,$1573,$394,$1083,$-439,$105,$731,$4431,$-1550,$0,$-536,$0,$-4025,$-4025,$251,$-5860,$3000,$0,$3000,$-1026,$-1026,$-787,$-17,$1170,$-259,$99,$-787
25,2012-05-31,27.28,$17.52,1.56,$81.79,0.33,$7.28,3.75,$2.90,9.41,$11.57B,$7.50B,1.54,$2.39B,$15.04B,0.16,$72.53B,$20.58B,28.37%,$72.53B,$4.14B,5.71%,$72.53B,$4.14B,5.71%,$72.53B,$5.29B,7.29%,$72.53B,$4.08B,5.62%,$72.53B,$2.57B,3.54%,$2.57B,$15.04B,17.29%,$2.57B,$12.87B,20.09%,$2.57B,$27.20B,9.44%,$4.14B,$17.43B,24.05%,$17752,$12738,$5014,$0,$4141,$16879,$873,$-17,$856,$319,$537,$537,$537,$1169,$873,$860,865,$0.63,$0.62,$1995,$7004,$277,$11570,$11790,$0,$2168,$1671,$15629,$27199,$7501,$2387,$1903,$4658,$12159,$80,$20064,$15,$15040,$27199,$1774,$856,$169,$1025,$230,$1106,$-389,$152,$864,$3663,$-1102,$0,$-466,$0,$0,$0,$18,$-1550,$0,$0,$0,$-1071,$-1071,$-593,$-10,$-1674,$439,$77,$-593
26,2012-02-29,29.44,$17.17,1.71,$81.19,0.36,$7.12,4.14,$2.93,10.05,$11.21B,$7.25B,1.55,$2.38B,$14.82B,0.16,$73.15B,$20.72B,28.32%,$73.15B,$4.22B,5.77%,$73.15B,$4.22B,5.77%,$73.15B,$5.34B,7.30%,$73.15B,$4.16B,5.68%,$73.15B,$2.63B,3.60%,$2.63B,$14.82B,17.83%,$2.63B,$12.74B,20.62%,$2.63B,$26.62B,9.67%,$4.22B,$17.20B,24.61%,$18651,$13262,$5389,$0,$4284,$17546,$1105,$-17,$1088,$405,$683,$683,$683,$1388,$1105,$869,875,$0.79,$0.78,$1084,$7347,$270,$11210,$11705,$0,$2078,$1629,$15412,$26622,$7254,$2381,$1876,$4552,$11806,$80,$19721,$15,$14816,$26622,$1237,$560,$60,$620,$36,$724,$-618,$103,$-41,$1816,$-723,$0,$-249,$0,$0,$0,$21,$-951,$0,$0,$0,$-930,$-930,$-398,$-9,$-1337,$-472,$53,$-398
27,2011-11-30,29.74,$16.80,1.77,$79.80,0.37,$7.57,3.93,$2.95,10.08,$12.11B,$8.23B,1.47,$2.39B,$14.67B,0.16,$73.00B,$20.65B,28.29%,$73.00B,$4.32B,5.92%,$73.00B,$4.32B,5.92%,$73.00B,$5.41B,7.42%,$73.00B,$4.26B,5.83%,$73.00B,$2.69B,3.68%,$2.69B,$14.67B,18.25%,$2.69B,$12.66B,21.04%,$2.69B,$27.43B,9.86%,$4.32B,$17.06B,25.26%,$18157,$13053,$5104,$0,$4204,$17257,$900,$-17,$883,$329,$554,$554,$554,$1177,$900,$880,885,$0.63,$0.63,$1094,$8231,$196,$12107,$11699,$0,$2017,$1606,$15322,$27429,$8229,$2390,$1852,$4526,$12755,$80,$19234,$15,$14674,$27429,$554,$277,$59,$336,$-89,$-178,$-32,$83,$-81,$809,$-419,$0,$-70,$0,$0,$0,$-8,$-497,$0,$0,$0,$-566,$-566,$-202,$-6,$-774,$-462,$35,$-202
28,2011-08-31,30.83,$16.70,1.85,$77.86,0.4,$8.09,3.81,$2.94,10.49,$12.32B,$8.08B,1.52,$2.40B,$14.85B,0.16,$72.18B,$20.49B,28.39%,$72.18B,$4.37B,6.05%,$72.18B,$4.37B,6.05%,$72.18B,$5.45B,7.55%,$72.18B,$4.29B,5.95%,$72.18B,$2.71B,3.76%,$2.71B,$14.85B,18.52%,$2.71B,$12.83B,21.33%,$2.71B,$27.45B,9.99%,$4.37B,$17.24B,25.62%,$17967,$12898,$5069,$0,$4237,$16701,$1266,$-15,$1251,$459,$792,$792,$792,$1554,$1266,$915,925,$0.89,$0.87,$1556,$8044,$225,$12322,$11526,$0,$2017,$1589,$15132,$27454,$8083,$2396,$1785,$4524,$12607,$80,$18877,$16,$14847,$27454,$2714,$1086,$-114,$972,$-243,$-592,$384,$88,$-43,$3643,$-1213,$0,$-188,$0,$0,$0,$-124,$-1525,$-17,$0,$-17,$-1793,$-1793,$-647,$15,$-2442,$-324,$135,$-647
29,2011-05-31,37.97,$16.26,2.33,$75.50,0.5,$8.22,4.62,$2.56,14.83,$13.01B,$7.92B,1.64,$2.38B,$14.72B,0.16,$71.09B,$20.22B,28.44%,$71.09B,$3.85B,5.41%,$71.09B,$3.85B,5.41%,$71.09B,$4.91B,6.90%,$71.09B,$3.77B,5.30%,$71.09B,$2.39B,3.36%,$2.39B,$14.72B,16.45%,$2.39B,$12.83B,18.91%,$2.39B,$27.32B,8.90%,$3.85B,$17.11B,22.71%,$18371,$13217,$5154,$0,$4203,$17420,$951,$-18,$933,$330,$603,$603,$603,$1220,$951,$911,922,$0.66,$0.65,$2652,$7552,$203,$13005,$11130,$0,$1898,$1283,$14311,$27316,$7918,$2384,$1872,$4675,$12593,$80,$18289,$-22,$14723,$27316,$1922,$798,$242,$1040,$-114,$-151,$430,$132,$319,$3281,$-699,$0,$-182,$0,$0,$0,$37,$-844,$0,$0,$0,$-1190,$-1190,$-488,$13,$-1665,$772,$67,$-488
30,2011-02-28,37.57,$16.04,2.34,$73.09,0.51,$7.49,5.01,$2.38,15.78,$12.54B,$7.54B,1.66,$2.38B,$14.68B,0.16,$69.92B,$19.81B,28.33%,$69.92B,$3.72B,5.33%,$69.92B,$3.72B,5.33%,$69.92B,$4.78B,6.83%,$69.92B,$3.64B,5.21%,$69.92B,$2.25B,3.22%,$2.25B,$14.68B,15.38%,$2.25B,$12.78B,17.67%,$2.25B,$26.88B,8.43%,$3.72B,$17.06B,21.88%,$18502,$13178,$5324,$0,$4117,$17295,$1207,$-18,$1189,$450,$739,$739,$739,$1463,$1207,$919,928,$0.80,$0.80,$2243,$7607,$190,$12537,$11148,$0,$1898,$1295,$14341,$26878,$7544,$2380,$1850,$4653,$12197,$80,$17845,$-22,$14681,$26878,$1319,$529,$130,$659,$-57,$-211,$305,$150,$73,$2051,$-469,$0,$-141,$0,$0,$0,$-3,$-613,$0,$0,$0,$-767,$-767,$-328,$20,$-1075,$363,$46,$-328
31,2010-11-30,30.08,$15.57,1.93,$70.44,0.43,$7.05,4.27,$2.26,13.31,$12.66B,$8.15B,1.55,$2.39B,$14.36B,0.17,$68.40B,$19.38B,28.34%,$68.40B,$3.60B,5.27%,$68.40B,$3.60B,5.27%,$68.40B,$4.65B,6.80%,$68.40B,$3.52B,5.14%,$68.40B,$2.18B,3.19%,$2.18B,$14.36B,14.84%,$2.18B,$12.47B,16.89%,$2.18B,$27.04B,8.21%,$3.60B,$16.75B,21.09%,$17344,$12399,$4945,$0,$4004,$16403,$941,$-20,$921,$341,$580,$580,$580,$1214,$941,$929,934,$0.62,$0.62,$2062,$7909,$220,$12663,$11197,$0,$1896,$1288,$14381,$27044,$8149,$2389,$1783,$4532,$12681,$80,$17266,$-23,$14363,$27044,$580,$273,$29,$302,$-30,$-526,$370,$66,$283,$1165,$-273,$0,$-50,$0,$0,$0,$-11,$-334,$0,$0,$0,$-481,$-481,$-166,$-2,$-649,$182,$26,$-166
32,2010-08-31,23.09,$15.34,1.5,$68.35,0.34,$6.96,3.32,$2.13,10.84,$11.92B,$7.43B,1.6,$2.39B,$14.40B,0.17,$67.42B,$18.98B,28.15%,$67.42B,$3.46B,5.13%,$67.42B,$3.46B,5.13%,$67.42B,$4.49B,6.66%,$67.42B,$3.37B,5.00%,$67.42B,$2.09B,3.10%,$2.09B,$14.40B,14.16%,$2.09B,$12.51B,15.98%,$2.09B,$26.28B,7.90%,$3.46B,$16.79B,20.18%,$16870,$12078,$4792,$0,$4046,$16124,$746,$-18,$728,$258,$470,$470,$470,$1008,$746,$982,988,$0.49,$0.48,$1880,$7378,$214,$11922,$11184,$0,$1887,$1282,$14353,$26275,$7433,$2389,$1735,$4442,$11875,$80,$16848,$-24,$14400,$26275,$2091,$1030,$207,$1237,$124,$-307,$167,$160,$416,$3744,$-1014,$0,$-779,$500,$0,$500,$19,$-1274,$-576,$0,$-576,$-1523,$-1523,$-541,$-37,$-2677,$-207,$84,$-541
33,2010-05-31,27.35,$15.53,1.76,$67.11,0.41,$6.40,4.27,$2.08,13.15,$12.34B,$7.34B,1.68,$2.36B,$15.11B,0.16,$66.25B,$18.53B,27.97%,$66.25B,$3.41B,5.15%,$66.25B,$3.41B,5.15%,$66.25B,$4.42B,6.67%,$66.25B,$3.32B,5.02%,$66.25B,$2.06B,3.10%,$2.06B,$15.11B,13.93%,$2.06B,$13.22B,15.60%,$2.06B,$26.71B,7.86%,$3.41B,$17.47B,19.95%,$17199,$12450,$4749,$0,$3920,$16370,$829,$-24,$805,$342,$463,$463,$463,$1092,$829,$976,982,$0.47,$0.47,$2312,$7110,$185,$12336,$11154,$0,$1894,$1323,$14371,$26707,$7341,$2359,$1627,$4254,$11595,$80,$16543,$35,$15112,$26707,$1621,$768,$79,$847,$-139,$-37,$163,$161,$351,$2819,$-786,$0,$-764,$-100,$0,$-100,$-2,$-1652,$-576,$0,$-576,$-548,$-548,$-407,$-11,$-1542,$-375,$64,$-407
34,2010-02-28,29.96,$15.28,1.96,$65.92,0.45,$6.11,4.91,$2.14,14.0,$13.16B,$7.30B,1.8,$2.35B,$14.95B,0.16,$65.26B,$18.24B,27.95%,$65.26B,$3.43B,5.26%,$65.26B,$3.43B,5.26%,$65.26B,$4.43B,6.79%,$65.26B,$3.34B,5.12%,$65.26B,$2.12B,3.24%,$2.12B,$14.95B,14.56%,$2.12B,$13.47B,16.20%,$2.12B,$26.33B,8.20%,$3.43B,$17.30B,20.33%,$16987,$12090,$4897,$0,$3811,$15901,$1086,$-22,$1064,$395,$669,$669,$669,$1334,$1086,$983,983,$0.68,$0.68,$3101,$7200,$164,$13159,$10891,$0,$1480,$804,$13175,$26334,$7297,$2347,$1489,$4089,$11386,$80,$16215,$36,$14948,$26334,$1158,$505,$27,$532,$-144,$-382,$302,$109,$73,$1763,$-524,$0,$-116,$-100,$0,$-100,$19,$-721,$0,$0,$0,$-345,$-345,$-272,$-11,$-628,$414,$45,$-272
35,2009-11-30,32.94,$14.84,2.22,$65.30,0.5,$5.53,5.96,$2.11,15.61,$13.37B,$7.82B,1.71,$2.37B,$14.62B,0.16,$64.75B,$18.00B,27.80%,$64.75B,$3.38B,5.21%,$64.75B,$3.38B,5.21%,$64.75B,$4.37B,6.75%,$64.75B,$3.29B,5.07%,$64.75B,$2.09B,3.22%,$2.09B,$14.62B,14.68%,$2.09B,$13.15B,16.36%,$2.09B,$26.55B,8.21%,$3.38B,$16.99B,20.38%,$16364,$11826,$4538,$0,$3741,$15567,$797,$-21,$776,$287,$489,$489,$489,$1054,$797,$988,993,$0.49,$0.49,$3152,$7474,$170,$13373,$10865,$0,$1467,$843,$13175,$26548,$7822,$2366,$1464,$4105,$11927,$80,$15679,$36,$14621,$26548,$489,$257,$28,$285,$-54,$-682,$735,$71,$394,$1168,$-304,$0,$-32,$-100,$0,$-100,$5,$-431,$0,$0,$0,$-132,$-132,$-136,$-4,$-272,$465,$24,$-136
36,2009-08-31,28.59,$14.54,1.97,$63.92,0.45,$4.35,6.58,$2.03,14.08,$12.05B,$6.77B,1.78,$2.34B,$14.38B,0.16,$63.34B,$17.61B,27.81%,$63.34B,$3.25B,5.13%,$63.34B,$3.25B,5.13%,$63.34B,$4.22B,6.67%,$63.34B,$3.16B,5.00%,$63.34B,$2.01B,3.17%,$2.01B,$14.38B,14.49%,$2.01B,$12.92B,16.19%,$2.01B,$25.14B,8.05%,$3.25B,$16.71B,20.38%,$15703,$11357,$4346,$0,$3644,$15001,$702,$-23,$679,$243,$436,$436,$436,$936,$702,$990,991,$0.44,$0.43,$2587,$6789,$177,$12049,$10802,$0,$1461,$830,$13093,$25142,$6769,$2336,$1396,$3997,$10766,$80,$15327,$37,$14376,$25142,$2006,$975,$357,$1332,$6,$533,$11,$52,$773,$4111,$-1927,$0,$-405,$-500,$0,$-500,$56,$-2776,$987,$-70,$917,$-141,$-141,$-446,$-21,$309,$1644,$84,$-446
37,2009-05-31,25.03,$14.30,1.75,$62.74,0.4,$2.98,8.41,$2.04,12.27,$12.25B,$6.97B,1.76,$2.34B,$14.19B,0.17,$62.23B,$17.30B,27.80%,$62.23B,$3.26B,5.23%,$62.23B,$3.26B,5.23%,$62.23B,$4.23B,6.80%,$62.23B,$3.19B,5.12%,$62.23B,$2.01B,3.23%,$2.01B,$14.19B,14.95%,$2.01B,$12.72B,16.75%,$2.01B,$25.14B,8.31%,$3.26B,$16.53B,21.28%,$16210,$11751,$4459,$0,$3613,$15364,$846,$-25,$821,$299,$522,$522,$522,$1110,$846,$992,993,$0.53,$0.53,$2400,$6891,$164,$12252,$10595,$0,$1463,$833,$12891,$25143,$6973,$2338,$1329,$3983,$10956,$80,$15027,$59,$14187,$25143,$1570,$741,$329,$1070,$-298,$426,$303,$17,$619,$3259,$-1499,$0,$-348,$-100,$0,$-100,$11,$-1936,$987,$-70,$917,$-34,$-34,$-334,$-15,$534,$1857,$67,$-334
38,2009-02-28,19.97,$13.79,1.45,$61.52,0.32,$2.06,9.68,$2.09,9.56,$12.18B,$7.26B,1.68,$2.33B,$13.68B,0.17,$61.03B,$17.09B,28.00%,$61.03B,$3.32B,5.45%,$61.03B,$3.32B,5.45%,$61.03B,$4.24B,6.95%,$61.03B,$3.28B,5.37%,$61.03B,$2.06B,3.38%,$2.06B,$13.68B,15.80%,$2.06B,$12.23B,17.76%,$2.06B,$24.83B,8.84%,$3.32B,$16.01B,23.23%,$16475,$11818,$4657,$0,$3627,$15445,$1030,$-20,$1010,$370,$640,$640,$640,$1271,$1030,$988,989,$0.65,$0.65,$1559,$7584,$203,$12182,$10387,$0,$1451,$805,$12643,$24825,$7261,$2332,$1387,$3885,$11146,$80,$14617,$9,$13679,$24825,$1048,$477,$79,$556,$-348,$-298,$638,$-3,$136,$1740,$-1063,$0,$-183,$-650,$0,$-650,$0,$-1896,$987,$-70,$917,$-63,$-63,$-223,$-9,$622,$466,$49,$-223
39,2008-11-30,20.62,$13.31,1.55,$60.33,0.34,$1.85,11.13,$2.13,9.68,$12.16B,$8.50B,1.43,$1.34B,$13.13B,0.1,$59.95B,$16.87B,28.14%,$59.95B,$3.38B,5.64%,$59.95B,$3.38B,5.64%,$59.95B,$4.26B,7.11%,$59.95B,$3.36B,5.60%,$59.95B,$2.11B,3.52%,$2.11B,$13.13B,16.67%,$2.11B,$11.70B,18.65%,$2.11B,$24.51B,9.45%,$3.38B,$14.47B,25.37%,$14947,$10796,$4151,$0,$3482,$14278,$669,$-15,$654,$246,$408,$408,$408,$905,$669,$989,990,$0.41,$0.41,$886,$8298,$199,$12159,$10150,$0,$1433,$771,$12354,$24513,$8496,$1337,$1395,$2886,$11382,$80,$14088,$9,$13131,$24513,$408,$236,$52,$288,$-313,$-1036,$736,$-2,$-384,$312,$-623,$0,$-61,$0,$0,$0,$0,$-684,$0,$998,$998,$-67,$-67,$-111,$-5,$815,$443,$32,$-111
40,2008-08-31,30.23,$13.01,2.32,$59.30,0.51,$2.07,14.59,$2.18,13.87,$10.43B,$6.64B,1.57,$1.34B,$12.87B,0.1,$59.03B,$16.64B,28.19%,$59.03B,$3.44B,5.83%,$59.03B,$3.44B,5.83%,$59.03B,$4.28B,7.25%,$59.03B,$3.43B,5.81%,$59.03B,$2.16B,3.65%,$2.16B,$12.87B,17.62%,$2.16B,$11.43B,19.63%,$2.16B,$22.41B,10.12%,$3.44B,$14.21B,27.33%,$14597,$10562,$4035,$0,$3324,$13886,$711,$-7,$704,$261,$443,$443,$443,$943,$711,$991,996,$0.45,$0.44,$443,$7249,$214,$10433,$9775,$0,$1438,$764,$11977,$22410,$6644,$1337,$1410,$2897,$9541,$80,$13792,$9,$12869,$22410,$2157,$840,$21,$861,$-365,$-412,$550,$84,$21,$3039,$-2208,$0,$-620,$0,$0,$0,$10,$-2818,$1258,$-802,$456,$-84,$-84,$-376,$-29,$-33,$188,$68,$-376
41,2008-05-31,29.8,$12.66,2.35,$57.98,0.51,$1.85,16.15,$2.13,13.99,$10.18B,$7.50B,1.36,$0.02B,$12.54B,0.0,$57.86B,$16.36B,28.28%,$57.86B,$3.33B,5.76%,$57.86B,$3.33B,5.76%,$57.86B,$4.12B,7.12%,$57.86B,$3.34B,5.77%,$57.86B,$2.11B,3.65%,$2.11B,$12.54B,17.88%,$2.11B,$11.12B,19.83%,$2.11B,$21.59B,10.28%,$3.33B,$12.55B,28.21%,$15015,$10770,$4245,$0,$3331,$14101,$914,$-2,$912,$340,$572,$572,$572,$1125,$914,$990,994,$0.58,$0.58,$472,$7064,$253,$10184,$9311,$0,$1418,$675,$11404,$21588,$7502,$19,$1382,$1551,$9053,$80,$13460,$-4,$12535,$21588,$1714,$608,$5,$613,$-273,$-233,$430,$30,$164,$2491,$-1639,$0,$-527,$0,$0,$0,$12,$-2154,$-29,$263,$234,$-59,$-59,$-283,$-12,$-120,$217,$56,$-283
42,2008-02-29,30.12,$12.18,2.47,$56.52,0.53,$1.85,16.3,$2.11,14.28,$10.14B,$7.23B,1.4,$0.03B,$12.06B,0.0,$56.54B,$16.00B,28.29%,$56.54B,$3.28B,5.79%,$56.54B,$3.28B,5.79%,$56.54B,$4.03B,7.13%,$56.54B,$3.29B,5.82%,$56.54B,$2.10B,3.71%,$2.10B,$12.06B,18.43%,$2.10B,$10.98B,20.01%,$2.10B,$20.75B,10.70%,$3.28B,$12.09B,28.71%,$15394,$10952,$4442,$0,$3354,$14306,$1088,$-2,$1086,$400,$686,$686,$686,$1290,$1088,$991,995,$0.69,$0.69,$255,$7328,$220,$10143,$8945,$0,$1079,$581,$10605,$20748,$7230,$26,$1351,$1455,$8685,$80,$12982,$-4,$12063,$20748,$1141,$397,$-55,$342,$-252,$-499,$452,$28,$23,$1506,$-1033,$0,$-90,$0,$0,$0,$2,$-1121,$-28,$-122,$-150,$-42,$-42,$-188,$-5,$-385,$0,$45,$-188
43,2007-11-30,30.11,$11.59,2.6,$54.89,0.55,$1.94,15.53,$2.07,14.54,$10.34B,$7.55B,1.37,$0.02B,$11.49B,0.0,$55.08B,$15.59B,28.30%,$55.08B,$3.21B,5.82%,$55.08B,$3.21B,5.82%,$55.08B,$3.92B,7.11%,$55.08B,$3.24B,5.87%,$55.08B,$2.07B,3.75%,$2.07B,$11.49B,18.75%,$2.07B,$10.42B,19.97%,$2.07B,$20.48B,10.95%,$3.21B,$11.51B,29.10%,$14028,$10107,$3921,$0,$3193,$13300,$728,$0,$728,$272,$456,$456,$456,$923,$728,$991,998,$0.46,$0.46,$295,$7553,$240,$10335,$8502,$0,$1066,$573,$10141,$20476,$7546,$20,$1313,$1440,$8986,$80,$12390,$-4,$11490,$20476,$456,$195,$-37,$158,$-158,$-753,$373,$-10,$-224,$390,$-485,$0,$-48,$0,$0,$0,$2,$-531,$-29,$317,$288,$-10,$-10,$-94,$-3,$181,$40,$31,$-94
44,2007-08-31,36.99,$11.20,3.3,$53.36,0.69,$2.13,17.37,$2.04,18.13,$9.51B,$6.75B,1.41,$0.02B,$11.10B,0.0,$53.76B,$15.24B,28.35%,$53.76B,$3.15B,5.86%,$53.76B,$3.15B,5.86%,$53.76B,$3.83B,7.12%,$53.76B,$3.19B,5.93%,$53.76B,$2.04B,3.80%,$2.04B,$11.10B,19.11%,$2.04B,$10.04B,19.94%,$2.04B,$19.31B,11.19%,$3.15B,$11.13B,29.49%,$13422,$9666,$3755,$0,$3152,$12818,$604,$6,$610,$214,$396,$396,$396,$784,$604,$999,1006,$0.40,$0.39,$255,$6790,$229,$9511,$8204,$0,$1060,$539,$9803,$19314,$6745,$22,$1285,$1465,$8210,$80,$12027,$-4,$11104,$19314,$2041,$676,$106,$782,$-40,$-676,$-128,$76,$-466,$2357,$-1745,$0,$-1086,$429,$0,$429,$6,$-2396,$-141,$636,$495,$-798,$-798,$-310,$-13,$-626,$-665,$74,$-310
45,2007-05-31,36.97,$10.97,3.37,$51.97,0.71,$2.62,14.08,$2.05,18.03,$9.42B,$5.70B,1.65,$0.00B,$10.90B,0.0,$52.51B,$14.85B,28.29%,$52.51B,$3.18B,6.06%,$52.51B,$3.18B,6.06%,$52.51B,$3.84B,7.31%,$52.51B,$3.23B,6.15%,$52.51B,$2.06B,3.92%,$2.06B,$10.90B,19.72%,$2.06B,$10.50B,20.16%,$2.06B,$17.94B,11.63%,$3.18B,$10.90B,30.48%,$13698,$9821,$3877,$0,$3022,$12844,$855,$11,$866,$305,$561,$561,$561,$1032,$855,$996,1003,$0.56,$0.56,$758,$6456,$200,$9418,$7754,$0,$398,$375,$8527,$17944,$5703,$0,$1226,$1340,$7043,$80,$11725,$0,$10901,$17944,$1645,$496,$54,$550,$58,$-377,$-117,$61,$-111,$2084,$-1221,$0,$-316,$237,$0,$237,$6,$-1294,$0,$-214,$-214,$-691,$-691,$-233,$-5,$-1142,$-353,$62,$-233
46,2007-02-28,36.55,$10.60,3.45,$50.27,0.73,$3.14,11.63,$1.95,18.74,$9.69B,$5.82B,1.67,$0.00B,$10.57B,0.0,$50.99B,$14.32B,28.08%,$50.99B,$3.03B,5.95%,$50.99B,$3.03B,5.95%,$50.99B,$3.65B,7.16%,$50.99B,$3.09B,6.06%,$50.99B,$1.97B,3.86%,$1.97B,$10.57B,19.36%,$1.97B,$10.40B,19.60%,$1.97B,$17.67B,11.35%,$3.03B,$10.57B,29.86%,$13934,$9898,$4036,$0,$3015,$12913,$1021,$10,$1031,$379,$652,$652,$652,$1179,$1021,$1000,1007,$0.65,$0.65,$958,$6531,$225,$9694,$7452,$0,$168,$356,$7975,$17669,$5816,$0,$1200,$1287,$7103,$80,$11240,$0,$10566,$17669,$1084,$319,$7,$325,$82,$-481,$58,$69,$-40,$1369,$-799,$0,$-46,$159,$0,$159,$0,$-686,$0,$-214,$-214,$-529,$-529,$-156,$-10,$-909,$-226,$50,$-156
47,2006-11-30,33.05,$10.15,3.26,$48.36,0.68,$3.23,10.23,$1.81,18.26,$10.30B,$6.60B,1.56,$0.00B,$10.16B,0.0,$49.22B,$13.74B,27.92%,$49.22B,$2.83B,5.76%,$49.22B,$2.83B,5.76%,$49.22B,$3.43B,6.97%,$49.22B,$2.89B,5.87%,$49.22B,$1.84B,3.73%,$1.84B,$10.16B,18.61%,$1.84B,$9.99B,18.77%,$1.84B,$18.03B,10.93%,$2.83B,$10.16B,28.68%,$12709,$9133,$3576,$0,$2904,$12037,$672,$11,$683,$251,$432,$432,$432,$832,$672,$1005,1013,$0.43,$0.43,$769,$6999,$229,$10301,$7203,$0,$167,$354,$7725,$18026,$6599,$0,$1165,$1273,$7872,$80,$10666,$0,$10155,$18026,$432,$160,$13,$173,$-243,$-948,$727,$29,$-105,$500,$-404,$0,$-34,$320,$0,$320,$0,$-118,$0,$-214,$-214,$-350,$-350,$-78,$10,$-632,$-250,$35,$-78
