,Date,Stock Price,Book Value per Share,Price to Book Ratio,TTM Sales per Share,Price to Sales Ratio,TTM FCF per Share,Price to FCF Ratio,TTM Net EPS,PE Ratio,Current Assets,Current Liabilities,Current Ratio,Long Term Debt,Shareholder's Equity_x,Debt to Equity Ratio,TTM Revenue_x,TTM Gross Profit,Gross Margin,TTM Revenue_y,TTM Operating Income,Operating Margin,TTM Revenue_x,TTM EBIT,EBIT Margin,TTM Revenue_y,TTM EBITDA,EBITDA Margin,TTM Revenue_x,TTM Pre-Tax Income,Pre-Tax Margin,TTM Revenue_y,TTM Net Income_x,Net Margin,TTM Net Income_y,Shareholder's Equity_y,Return on Equity,TTM Net Income_x,Tangible Equity,Return on Tangible Equity,TTM Net Income_y,Total Assets,Return on Assets,TTM Net Income,LT Investments & Debt,Return on Investment,revenue,cost-goods-sold,gross-profit,research-development-expenses,selling-general-administrative-expenses,operating-expenses,operating-income,total-non-operating-income-expense,pre-tax-income,total-provision-income-taxes,income-after-taxes,income-from-continuous-operations,net-income,ebitda,ebit,basic-shares-outstanding,shares-outstanding,eps-basic-net-earnings-per-share,eps-earnings-per-share-diluted,cash-on-hand,inventory,other-current-assets,total-current-assets,net-property-plant-equipment,long-term-investments,goodwill-intangible-assets-total,other-long-term-assets,total-long-term-assets,total-assets,total-current-liabilities,long-term-debt,other-non-current-liabilities,total-long-term-liabilities,total-liabilities,common-stock-net,retained-earnings-accumulated-deficit,comprehensive-income,total-share-holder-equity,total-liabilities-share-holders-equity,net-income-loss,total-depreciation-amortization-cash-flow,other-non-cash-items,total-non-cash-items,change-in-accounts-receivable,change-in-inventories,change-in-accounts-payable,change-in-assets-liabilities,total-change-in-assets-liabilities,cash-flow-from-operating-activities,net-change-in-property-plant-equipment,net-change-in-intangible-assets,net-acquisitions-divestitures,net-change-in-short-term-investments,net-change-in-long-term-investments,net-change-in-investments-total,investing-activities-other,cash-flow-from-investing-activities,net-long-term-debt,net-current-debt,debt-issuance-retirement-net-total,net-common-equity-issued-repurchased,net-total-equity-issued-repurchased,total-common-preferred-stock-dividends-paid,financial-activities-other,cash-flow-from-financial-activities,net-cash-flow,stock-based-compensation,common-stock-dividends-paid
0,2018-09-30,58.96,$30.56,1.93,$13.94,4.23,$13.71,4.3,$3.50,16.85,$18.73B,$22.86B,0.82,$1.67B,$2.67B,0.62,$1.29B,$1.15B,89.36%,$1.29B,$0.40B,31.24%,$1.29B,0,0.00%,$1.29B,0,0.00%,$1.29B,$0.40B,31.24%,$1.29B,$0.32B,25.02%,$0.32B,$2.82B,11.71%,$0.32B,$2.25B,14.75%,$0.32B,$27.35B,1.20%,$0.40B,$4.48B,9.03%,$341,$38,$303,$0,$188,$227,$113,$0,$113,$14,$100,$100,$97,$0,$0,$92,92,$1.06,$1.06,$322,$0,$0,$18730,$129,$7290,$565,$540,$8617,$27346,$22862,$1668,$0,$1668,$24530,$1,$1761,$-132,$2816,$27346,$262,$68,$48,$116,$-4,$0,$0,$119,$119,$496,$-18,$0,$0,$0,$-166,$-166,$-895,$-1080,$-235,$-79,$-314,$-24,$-24,$-91,$1003,$575,$-9,$9,$-85
1,2018-06-30,63.38,$30.01,2.11,$13.46,4.71,$11.64,5.45,$3.11,20.38,$18.42B,$22.47B,0.82,$1.80B,$2.62B,0.69,$1.24B,$1.11B,89.62%,$1.24B,$0.38B,30.89%,$1.24B,0,0.00%,$1.24B,0,0.00%,$1.24B,$0.38B,30.89%,$1.24B,$0.29B,23.09%,$0.29B,$2.76B,10.61%,$0.29B,$2.20B,13.43%,$0.29B,$27.04B,1.08%,$0.38B,$4.57B,8.68%,$329,$35,$293,$0,$190,$226,$102,$0,$102,$21,$82,$82,$79,$0,$0,$92,92,$0.87,$0.86,$299,$0,$0,$18420,$128,$7278,$566,$537,$8616,$27037,$22472,$1803,$0,$1803,$24275,$1,$1700,$-122,$2762,$27037,$162,$46,$20,$66,$-6,$0,$0,$58,$29,$257,$-16,$0,$0,$0,$-71,$-71,$-566,$-653,$-100,$219,$119,$-18,$-18,$-58,$351,$394,$-3,$6,$-54
2,2018-03-31,54.83,$29.56,1.85,$13.04,4.2,$10.86,5.05,$2.89,18.97,$18.12B,$22.61B,0.8,$1.43B,$2.57B,0.56,$1.21B,$1.08B,89.88%,$1.21B,$0.37B,30.95%,$1.21B,0,0.00%,$1.21B,0,0.00%,$1.21B,$0.37B,30.95%,$1.21B,$0.27B,22.16%,$0.27B,$2.72B,10.02%,$0.27B,$2.15B,12.73%,$0.27B,$26.75B,1.01%,$0.37B,$4.14B,8.42%,$315,$32,$283,$0,$182,$214,$100,$0,$100,$20,$80,$80,$78,$0,$0,$92,92,$0.85,$0.85,$211,$0,$0,$18116,$127,$7307,$567,$535,$8636,$26752,$22608,$1428,$0,$1428,$24036,$1,$1650,$-115,$2716,$26752,$80,$23,$14,$37,$-9,$0,$0,$8,$15,$132,$-6,$0,$0,$0,$-43,$-43,$-310,$-359,$-475,$288,$-187,$-18,$-18,$-26,$391,$160,$-66,$3,$-24
3,2017-12-31,55.31,$29.36,1.88,$12.69,4.36,$10.97,5.04,$2.66,20.79,$17.89B,$21.88B,0.82,$1.90B,$2.56B,0.74,$1.17B,$1.06B,90.03%,$1.17B,$0.35B,30.18%,$1.17B,0,0.00%,$1.17B,0,0.00%,$1.17B,$0.35B,30.18%,$1.17B,$0.25B,20.97%,$0.25B,$2.70B,9.37%,$0.25B,$2.13B,11.96%,$0.25B,$26.49B,0.94%,$0.35B,$4.61B,7.74%,$302,$31,$271,$0,$183,$215,$87,$0,$87,$17,$70,$70,$68,$0,$0,$92,92,$0.73,$0.74,$257,$0,$0,$17888,$130,$7277,$568,$532,$8599,$26488,$21883,$1903,$0,$1903,$23786,$1,$1596,$-92,$2702,$26488,$255,$83,$33,$116,$26,$0,$0,$18,$73,$445,$-25,$0,$0,$0,$19,$19,$-522,$-527,$-1166,$-306,$-1472,$-15,$7,$-103,$1690,$123,$40,$12,$-95
4,2017-09-30,51.51,$28.71,1.79,$12.49,4.12,$10.33,4.99,$2.53,20.36,$17.82B,$21.98B,0.81,$1.73B,$2.52B,0.69,$1.15B,$1.04B,90.29%,$1.15B,$0.35B,30.27%,$1.15B,0,0.00%,$1.15B,0,0.00%,$1.15B,$0.35B,30.27%,$1.15B,$0.23B,20.21%,$0.23B,$2.64B,9.02%,$0.23B,$2.07B,11.58%,$0.23B,$26.35B,0.89%,$0.35B,$4.37B,7.24%,$297,$30,$267,$0,$171,$202,$95,$0,$95,$30,$64,$64,$62,$0,$0,$92,93,$0.68,$0.67,$242,$0,$0,$17815,$130,$7225,$569,$528,$8535,$26350,$21978,$1733,$0,$1733,$23711,$1,$1536,$-69,$2639,$26350,$186,$61,$25,$87,$15,$0,$0,$0,$28,$300,$-12,$0,$0,$0,$87,$87,$-428,$-353,$-1335,$-47,$-1382,$-16,$-16,$-77,$1552,$78,$25,$9,$-71
5,2017-06-30,50.93,$28.30,1.8,$12.24,4.16,$8.94,5.7,$2.40,21.22,$17.69B,$21.58B,0.82,$1.99B,$2.48B,0.8,$1.13B,$1.02B,90.51%,$1.13B,$0.33B,29.26%,$1.13B,0,0.00%,$1.13B,0,0.00%,$1.13B,$0.33B,29.26%,$1.13B,$0.22B,19.59%,$0.22B,$2.61B,8.66%,$0.22B,$2.04B,11.16%,$0.22B,$26.18B,0.85%,$0.33B,$4.60B,6.53%,$291,$29,$262,$0,$171,$201,$91,$0,$91,$29,$62,$62,$59,$0,$0,$92,92,$0.65,$0.64,$265,$0,$0,$17685,$132,$7183,$570,$525,$8490,$26175,$21576,$1993,$0,$1993,$23570,$1,$1496,$-72,$2605,$26175,$121,$42,$19,$61,$2,$0,$0,$-7,$-0,$182,$-13,$0,$0,$0,$178,$178,$-252,$-87,$-1075,$-77,$-1152,$-5,$-5,$-51,$1154,$-54,$41,$6,$-47
6,2017-03-31,48.56,$27.84,1.74,$12.01,4.04,$7.97,6.09,$2.29,21.21,$17.43B,$21.29B,0.82,$2.15B,$2.44B,0.88,$1.11B,$1.00B,90.59%,$1.11B,$0.31B,28.42%,$1.11B,0,0.00%,$1.11B,0,0.00%,$1.11B,$0.31B,28.42%,$1.11B,$0.21B,19.00%,$0.21B,$2.56B,8.34%,$0.21B,$1.99B,10.79%,$0.21B,$26.00B,0.82%,$0.31B,$4.71B,6.04%,$283,$27,$256,$0,$173,$201,$81,$0,$81,$22,$59,$59,$57,$0,$0,$92,92,$0.62,$0.62,$222,$0,$0,$17426,$135,$7273,$571,$521,$8577,$26003,$21294,$2148,$0,$2148,$23443,$1,$1460,$-77,$2560,$26003,$59,$23,$20,$43,$27,$0,$0,$12,$42,$144,$-7,$0,$0,$0,$82,$82,$-69,$5,$-920,$-142,$-1062,$-6,$-6,$-25,$937,$-156,$-7,$3,$-23
7,2016-12-31,52.43,$27.54,1.9,$11.83,4.43,$6.50,8.06,$2.18,24.05,$17.41B,$20.48B,0.85,$3.07B,$2.40B,1.28,$1.09B,$0.98B,90.52%,$1.09B,$0.30B,27.87%,$1.09B,0,0.00%,$1.09B,0,0.00%,$1.09B,$0.30B,27.87%,$1.09B,$0.20B,18.22%,$0.20B,$2.53B,7.96%,$0.20B,$1.96B,10.34%,$0.20B,$26.07B,0.78%,$0.30B,$5.60B,5.74%,$282,$26,$256,$0,$173,$201,$82,$0,$82,$24,$58,$58,$55,$0,$0,$91,92,$0.61,$0.60,$220,$0,$0,$17414,$137,$7346,$572,$518,$8658,$26073,$20477,$3068,$0,$3068,$23546,$1,$1425,$-77,$2527,$26073,$207,$94,$63,$156,$40,$0,$0,$13,$35,$398,$-39,$0,$0,$0,$-316,$-316,$-1280,$-1635,$179,$-202,$-23,$-11,$-11,$-98,$1360,$1228,$-9,$11,$-90
8,2016-09-30,36.48,$27.44,1.33,$11.57,3.15,$5.52,6.61,$2.13,17.13,$17.09B,$20.31B,0.84,$2.81B,$2.39B,1.18,$1.06B,$0.96B,90.40%,$1.06B,$0.30B,27.85%,$1.06B,0,0.00%,$1.06B,0,0.00%,$1.06B,$0.30B,27.85%,$1.06B,$0.19B,18.06%,$0.19B,$2.51B,7.80%,$0.19B,$1.94B,10.19%,$0.19B,$25.63B,0.77%,$0.30B,$5.33B,5.69%,$272,$26,$247,$0,$169,$196,$76,$0,$76,$24,$52,$52,$50,$0,$0,$91,92,$0.54,$0.54,$222,$0,$0,$17088,$137,$7248,$573,$514,$8545,$25634,$20309,$2813,$0,$2813,$23122,$1,$1393,$-53,$2512,$25634,$149,$70,$54,$124,$29,$0,$0,$-85,$-86,$188,$-30,$0,$0,$0,$-38,$-38,$-856,$-924,$-76,$-351,$-427,$-14,$-14,$-73,$1251,$737,$0,$9,$-67
9,2016-06-30,32.36,$27.08,1.2,$11.37,2.85,$5.49,5.89,$2.13,15.19,$16.79B,$19.96B,0.84,$2.69B,$2.35B,1.14,$1.04B,$0.94B,90.33%,$1.04B,$0.30B,28.35%,$1.04B,0,0.00%,$1.04B,0,0.00%,$1.04B,$0.30B,28.35%,$1.04B,$0.19B,18.30%,$0.19B,$2.48B,7.85%,$0.19B,$1.90B,10.29%,$0.19B,$25.12B,0.77%,$0.30B,$5.17B,5.71%,$268,$26,$242,$0,$165,$192,$75,$0,$75,$25,$51,$51,$48,$0,$0,$91,92,$0.53,$0.53,$263,$0,$0,$16793,$134,$7028,$575,$510,$8327,$25120,$19955,$2688,$0,$2688,$22644,$1,$1366,$-58,$2477,$25120,$98,$45,$38,$83,$20,$0,$0,$-118,$-82,$99,$-20,$0,$0,$0,$97,$97,$-513,$-436,$-201,$-252,$-453,$-15,$-15,$-48,$878,$363,$25,$6,$-44
10,2016-03-31,33.97,$26.68,1.27,$11.15,3.05,$5.64,6.02,$2.15,15.8,$16.36B,$19.91B,0.82,$2.59B,$2.32B,1.12,$1.02B,$0.92B,90.41%,$1.02B,$0.29B,28.67%,$1.02B,0,0.00%,$1.02B,0,0.00%,$1.02B,$0.29B,28.67%,$1.02B,$0.19B,18.88%,$0.19B,$2.44B,8.01%,$0.19B,$1.86B,10.55%,$0.19B,$24.94B,0.79%,$0.29B,$5.03B,5.67%,$265,$26,$239,$0,$166,$194,$70,$0,$70,$23,$47,$47,$45,$0,$0,$91,92,$0.49,$0.49,$226,$0,$0,$16356,$134,$7281,$576,$507,$8579,$24936,$19909,$2588,$0,$2588,$22498,$1,$1343,$-70,$2438,$24936,$47,$21,$32,$53,$-13,$0,$0,$-81,$-86,$14,$-12,$0,$0,$0,$-116,$-116,$-80,$-209,$-301,$-241,$-542,$-15,$-15,$-23,$774,$193,$-2,$3,$-21
11,2015-12-31,34.95,$26.36,1.33,$10.91,3.2,$5.94,5.89,$2.16,16.18,$16.23B,$19.34B,0.84,$2.89B,$2.29B,1.26,$1.00B,$0.90B,90.48%,$1.00B,$0.30B,29.76%,$1.00B,0,0.00%,$1.00B,0,0.00%,$1.00B,$0.30B,29.76%,$1.00B,$0.20B,19.54%,$0.20B,$2.41B,8.16%,$0.20B,$1.84B,10.79%,$0.20B,$24.64B,0.82%,$0.30B,$5.30B,5.99%,$258,$25,$233,$0,$156,$182,$75,$0,$75,$24,$52,$52,$49,$0,$0,$91,92,$0.54,$0.53,$356,$0,$0,$16233,$129,$7096,$578,$503,$8408,$24641,$19338,$2889,$0,$2889,$22227,$1,$1316,$-78,$2414,$24641,$205,$89,$36,$125,$-41,$0,$0,$-20,$-27,$303,$-35,$0,$1396,$0,$-286,$-286,$-1849,$-774,$-195,$-99,$-295,$-15,$-15,$-90,$856,$457,$-14,$11,$-81
12,2015-09-30,33.29,$26.25,1.27,$10.72,3.11,$5.40,6.16,$2.14,15.56,$15.68B,$18.83B,0.83,$2.84B,$2.28B,1.24,$0.98B,$0.88B,90.39%,$0.98B,$0.30B,30.37%,$0.98B,0,0.00%,$0.98B,0,0.00%,$0.98B,$0.30B,30.37%,$0.98B,$0.19B,19.84%,$0.19B,$2.40B,8.20%,$0.19B,$1.82B,10.80%,$0.19B,$24.07B,0.83%,$0.30B,$5.24B,5.96%,$253,$24,$229,$0,$151,$177,$76,$0,$76,$25,$51,$51,$49,$0,$0,$91,92,$0.54,$0.53,$271,$0,$0,$15678,$127,$7151,$579,$450,$8392,$24070,$18832,$2836,$0,$2836,$21667,$1,$1288,$-60,$2403,$24070,$153,$68,$-4,$64,$-22,$0,$0,$-10,$-35,$182,$-26,$0,$1396,$0,$-303,$-303,$-1195,$-128,$-250,$-249,$-499,$-14,$-14,$-67,$487,$-93,$-39,$8,$-60
13,2015-06-30,36.74,$25.94,1.42,$10.52,3.49,$5.69,6.45,$2.13,17.25,$15.31B,$18.51B,0.83,$2.74B,$2.26B,1.21,$0.96B,$0.86B,90.27%,$0.96B,$0.30B,30.86%,$0.96B,0,0.00%,$0.96B,0,0.00%,$0.96B,$0.30B,30.86%,$0.96B,$0.19B,20.19%,$0.19B,$2.38B,8.24%,$0.19B,$1.80B,10.81%,$0.19B,$23.62B,0.85%,$0.30B,$5.12B,6.05%,$246,$23,$223,$0,$148,$174,$72,$0,$72,$20,$52,$52,$50,$0,$0,$91,91,$0.55,$0.55,$348,$0,$0,$15309,$124,$7081,$581,$446,$8312,$23621,$18506,$2736,$0,$2736,$21241,$1,$1260,$-61,$2380,$23621,$102,$44,$22,$66,$-43,$0,$0,$-6,$-67,$101,$-9,$0,$1396,$0,$-232,$-232,$-869,$287,$-350,$-236,$-586,$-4,$-4,$-43,$198,$-436,$-49,$5,$-39
14,2015-03-31,34.19,$26.03,1.31,$10.31,3.32,$5.67,6.03,$2.08,16.44,$14.81B,$18.94B,0.78,$1.81B,$2.20B,0.82,$0.94B,$0.84B,90.16%,$0.94B,$0.29B,31.44%,$0.94B,0,0.00%,$0.94B,0,0.00%,$0.94B,$0.29B,31.44%,$0.94B,$0.19B,20.11%,$0.19B,$2.36B,8.11%,$0.19B,$1.77B,10.60%,$0.19B,$23.11B,0.85%,$0.29B,$4.17B,6.15%,$241,$23,$218,$0,$143,$167,$74,$0,$74,$24,$50,$50,$47,$0,$0,$90,91,$0.52,$0.52,$353,$0,$0,$14811,$124,$7085,$583,$443,$8295,$23107,$18940,$1811,$0,$1811,$20751,$1,$1231,$-50,$2356,$23107,$50,$21,$21,$42,$-48,$0,$0,$-3,$-56,$36,$-8,$0,$1396,$0,$-125,$-125,$-330,$934,$-1275,$-167,$-1442,$-6,$-6,$-21,$448,$-1020,$-50,$2,$-18
15,2014-12-31,29.84,$25.70,1.16,$10.17,2.94,$5.97,4.99,$2.09,14.28,$14.51B,$17.13B,0.85,$3.09B,$2.17B,1.42,$0.92B,$0.83B,90.02%,$0.92B,$0.29B,31.67%,$0.92B,0,0.00%,$0.92B,0,0.00%,$0.92B,$0.29B,31.67%,$0.92B,$0.19B,20.50%,$0.19B,$2.32B,8.26%,$0.19B,$1.79B,10.76%,$0.19B,$22.53B,0.87%,$0.29B,$5.41B,5.90%,$238,$23,$214,$0,$139,$163,$75,$0,$75,$24,$51,$51,$48,$0,$0,$90,91,$0.54,$0.52,$394,$0,$0,$14505,$122,$6860,$533,$440,$8029,$22533,$17125,$3086,$0,$3086,$20210,$1,$1202,$-56,$2323,$22533,$200,$81,$-19,$62,$-12,$0,$0,$-13,$-19,$243,$-26,$0,$0,$0,$-267,$-267,$-1376,$-1670,$807,$-81,$726,$-10,$-10,$-78,$797,$1435,$8,$10,$-67
16,2014-09-30,26.56,$25.65,1.04,$9.98,2.66,$8.50,3.13,$2.01,13.22,$13.99B,$17.00B,0.82,$2.52B,$2.16B,1.17,$0.90B,$0.81B,90.04%,$0.90B,$0.28B,30.97%,$0.90B,0,0.00%,$0.90B,0,0.00%,$0.90B,$0.28B,30.97%,$0.90B,$0.18B,20.13%,$0.18B,$2.31B,8.05%,$0.18B,$1.78B,10.54%,$0.18B,$21.83B,0.85%,$0.28B,$4.83B,5.94%,$231,$23,$208,$0,$134,$157,$74,$0,$74,$24,$50,$50,$48,$0,$0,$90,91,$0.53,$0.53,$313,$0,$0,$13987,$119,$6687,$533,$438,$7840,$21827,$17000,$2516,$0,$2516,$19516,$1,$1172,$-36,$2311,$21827,$149,$61,$25,$86,$-47,$0,$0,$-10,$-37,$197,$-17,$0,$0,$0,$-42,$-42,$-922,$-981,$238,$-95,$143,$-11,$-11,$-58,$693,$767,$-16,$8,$-50
17,2014-06-30,28.55,$25.36,1.13,$9.85,2.9,$10.55,2.71,$1.97,14.49,$13.75B,$16.80B,0.82,$2.44B,$2.13B,1.15,$0.89B,$0.80B,90.01%,$0.89B,$0.27B,30.42%,$0.89B,0,0.00%,$0.89B,0,0.00%,$0.89B,$0.27B,30.42%,$0.89B,$0.18B,20.09%,$0.18B,$2.28B,8.04%,$0.18B,$1.75B,10.59%,$0.18B,$21.52B,0.85%,$0.27B,$4.73B,6.01%,$225,$22,$203,$0,$131,$154,$71,$0,$71,$23,$48,$48,$45,$0,$0,$90,91,$0.50,$0.50,$307,$0,$0,$13750,$120,$6627,$533,$436,$7775,$21524,$16796,$2444,$0,$2444,$19240,$1,$1143,$-30,$2284,$21524,$98,$40,$16,$57,$-54,$0,$0,$-7,$-51,$104,$-14,$0,$0,$0,$27,$27,$-587,$-574,$165,$70,$235,$-11,$-11,$-37,$348,$535,$64,$6,$-31
18,2014-03-31,27.93,$24.94,1.12,$9.83,2.84,$12.25,2.28,$1.95,14.32,$13.41B,$16.36B,0.82,$2.58B,$2.09B,1.24,$0.89B,$0.80B,89.86%,$0.89B,$0.27B,30.07%,$0.89B,0,0.00%,$0.89B,0,0.00%,$0.89B,$0.27B,30.07%,$0.89B,$0.18B,20.05%,$0.18B,$2.24B,8.14%,$0.18B,$1.71B,10.79%,$0.18B,$21.18B,0.86%,$0.27B,$4.82B,6.18%,$228,$22,$205,$0,$132,$156,$72,$0,$72,$21,$50,$50,$48,$0,$0,$90,91,$0.53,$0.53,$282,$0,$0,$13408,$121,$6623,$534,$434,$7768,$21176,$16356,$2580,$0,$2580,$18936,$1,$1114,$-44,$2240,$21176,$50,$20,$15,$35,$-10,$0,$0,$-3,$-22,$63,$-8,$0,$0,$0,$10,$10,$-311,$-309,$301,$-184,$117,$-12,$-12,$-16,$184,$274,$28,$3,$-13
19,2013-12-31,27.89,$24.56,1.14,$9.75,2.86,$12.36,2.26,$1.86,15.0,$13.08B,$16.36B,0.8,$2.28B,$2.06B,1.11,$0.88B,$0.79B,89.64%,$0.88B,$0.26B,29.16%,$0.88B,0,0.00%,$0.88B,0,0.00%,$0.88B,$0.26B,29.16%,$0.88B,$0.17B,19.25%,$0.17B,$2.21B,7.83%,$0.17B,$1.67B,10.43%,$0.17B,$20.85B,0.83%,$0.26B,$4.49B,6.12%,$220,$22,$198,$0,$134,$157,$63,$0,$63,$19,$44,$44,$41,$0,$0,$89,90,$0.45,$0.45,$247,$0,$0,$13076,$122,$6625,$535,$431,$7777,$20853,$16363,$2281,$0,$2281,$18644,$1,$1080,$-49,$2209,$20853,$179,$97,$61,$159,$155,$0,$0,$-14,$126,$464,$-21,$0,$0,$0,$-421,$-421,$-696,$-1137,$122,$256,$378,$3,$3,$-60,$324,$645,$-29,$11,$-49
20,2013-09-30,22.72,$24.14,0.94,$9.77,2.32,$10.03,2.27,$1.93,11.77,$12.89B,$16.61B,0.78,$1.83B,$2.02B,0.91,$0.88B,$0.79B,89.24%,$0.88B,$0.26B,29.67%,$0.88B,0,0.00%,$0.88B,0,0.00%,$0.88B,$0.26B,29.67%,$0.88B,$0.18B,19.93%,$0.18B,$2.17B,8.27%,$0.18B,$1.63B,11.06%,$0.18B,$20.61B,0.87%,$0.26B,$4.00B,6.35%,$218,$22,$196,$0,$130,$153,$65,$0,$65,$18,$47,$47,$45,$0,$0,$90,90,$0.50,$0.49,$285,$0,$0,$12894,$121,$6559,$536,$427,$7716,$20610,$16610,$1832,$0,$1832,$18442,$1,$1054,$-59,$2168,$20610,$136,$78,$41,$119,$147,$0,$0,$-10,$120,$375,$-10,$0,$0,$0,$-281,$-281,$-464,$-756,$-328,$296,$-32,$1,$1,$-43,$469,$395,$14,$8,$-35
21,2013-06-30,22.72,$23.72,0.96,$9.77,2.33,$7.90,2.88,$1.92,11.83,$12.63B,$16.34B,0.77,$1.86B,$1.98B,0.94,$0.89B,$0.79B,88.60%,$0.89B,$0.26B,29.46%,$0.89B,0,0.00%,$0.89B,0,0.00%,$0.89B,$0.26B,29.46%,$0.89B,$0.18B,19.75%,$0.18B,$2.13B,8.40%,$0.18B,$1.59B,11.34%,$0.18B,$20.33B,0.87%,$0.26B,$3.99B,6.42%,$222,$23,$199,$0,$131,$155,$67,$0,$67,$21,$46,$46,$44,$0,$0,$90,90,$0.49,$0.48,$212,$0,$0,$12626,$123,$6546,$538,$424,$7703,$20329,$16344,$1857,$0,$1857,$18202,$1,$1023,$-65,$2127,$20329,$88,$53,$33,$86,$102,$0,$0,$-7,$72,$246,$-4,$0,$0,$0,$-200,$-200,$-228,$-432,$-303,$137,$-165,$0,$0,$-27,$305,$112,$-73,$6,$-22
22,2013-03-31,21.32,$23.75,0.9,$9.72,2.19,$6.18,3.45,$1.88,11.34,$12.36B,$15.85B,0.78,$2.13B,$1.98B,1.08,$0.89B,$0.78B,87.81%,$0.89B,$0.25B,28.67%,$0.89B,0,0.00%,$0.89B,0,0.00%,$0.89B,$0.25B,28.67%,$0.89B,$0.17B,19.41%,$0.17B,$2.13B,8.45%,$0.17B,$1.59B,11.52%,$0.17B,$20.11B,0.87%,$0.25B,$4.26B,6.26%,$218,$24,$194,$0,$132,$157,$61,$0,$61,$19,$42,$42,$39,$0,$0,$86,90,$0.46,$0.44,$170,$0,$0,$12363,$128,$6588,$539,$437,$7748,$20111,$15849,$2133,$0,$2133,$17982,$1,$994,$-31,$2128,$20111,$42,$27,$21,$48,$11,$0,$0,$-3,$-25,$66,$-2,$0,$0,$0,$-265,$-265,$55,$-211,$-28,$-42,$-70,$0,$0,$-11,$93,$12,$-134,$2,$-9
23,2012-12-31,17.98,$24.64,0.73,$9.66,1.86,$5.82,3.09,$1.86,9.67,$12.57B,$15.89B,0.79,$2.16B,$1.94B,1.11,$0.89B,$0.77B,87.02%,$0.89B,$0.25B,28.10%,$0.89B,0,0.00%,$0.89B,0,0.00%,$0.89B,$0.25B,28.10%,$0.89B,$0.17B,19.30%,$0.17B,$2.09B,8.65%,$0.17B,$1.55B,11.93%,$0.17B,$20.15B,0.87%,$0.25B,$4.26B,6.35%,$225,$26,$199,$0,$129,$157,$69,$0,$69,$20,$49,$49,$48,$0,$0,$87,92,$0.55,$0.52,$350,$0,$0,$12569,$135,$6399,$540,$435,$7577,$20147,$15891,$2162,$0,$2162,$18053,$1,$1000,$-32,$2094,$20147,$174,$109,$47,$156,$-41,$0,$0,$-11,$-72,$257,$-21,$0,$0,$0,$-352,$-352,$-1018,$-1390,$365,$-89,$276,$-52,$71,$-33,$876,$1189,$56,$9,$-31
24,2012-09-30,20.65,$22.68,0.91,$9.55,2.16,$5.87,3.52,$1.77,11.67,$12.14B,$15.96B,0.76,$1.79B,$1.96B,0.92,$0.88B,$0.76B,86.19%,$0.88B,$0.23B,26.71%,$0.88B,0,0.00%,$0.88B,0,0.00%,$0.88B,$0.23B,26.71%,$0.88B,$0.16B,18.61%,$0.16B,$1.98B,8.52%,$0.16B,$1.44B,11.89%,$0.16B,$19.73B,0.85%,$0.23B,$3.77B,6.21%,$221,$27,$193,$0,$128,$156,$64,$0,$64,$19,$45,$45,$44,$0,$0,$87,92,$0.51,$0.48,$244,$0,$0,$12137,$135,$6405,$541,$436,$7592,$19730,$15958,$1788,$0,$1788,$17746,$1,$963,$-29,$1984,$19730,$125,$82,$31,$112,$-37,$0,$0,$-8,$-48,$189,$-13,$0,$0,$0,$-405,$-405,$-670,$-1088,$-10,$145,$135,$-1,$-1,$-24,$758,$868,$-31,$7,$-22
25,2012-06-30,18.78,$22.11,0.85,$9.55,1.97,$6.56,2.86,$1.74,10.79,$11.96B,$15.50B,0.77,$2.00B,$1.90B,1.05,$0.87B,$0.75B,85.58%,$0.87B,$0.23B,26.09%,$0.87B,0,0.00%,$0.87B,0,0.00%,$0.87B,$0.23B,26.09%,$0.87B,$0.16B,18.31%,$0.16B,$1.93B,8.51%,$0.16B,$1.39B,11.98%,$0.16B,$19.43B,0.85%,$0.23B,$3.93B,6.30%,$222,$30,$192,$0,$131,$162,$60,$0,$60,$18,$41,$41,$41,$0,$0,$87,92,$0.46,$0.44,$271,$0,$0,$11959,$137,$6372,$543,$339,$7471,$19430,$15496,$2002,$0,$2002,$17498,$1,$929,$-44,$1932,$19430,$80,$52,$27,$78,$-48,$0,$0,$-5,$-63,$96,$-7,$0,$0,$0,$-290,$-290,$-342,$-639,$202,$39,$241,$-1,$-1,$-14,$319,$544,$1,$4,$-13
26,2012-03-31,19.56,$21.72,0.9,$9.54,2.05,$7.44,2.63,$1.66,11.78,$11.66B,$15.41B,0.76,$1.83B,$1.87B,0.98,$0.87B,$0.74B,85.01%,$0.87B,$0.22B,24.94%,$0.87B,0,0.00%,$0.87B,0,0.00%,$0.87B,$0.22B,24.94%,$0.87B,$0.15B,17.39%,$0.15B,$1.90B,8.18%,$0.15B,$1.35B,11.59%,$0.15B,$19.13B,0.82%,$0.22B,$3.72B,6.53%,$218,$31,$187,$0,$130,$163,$56,$0,$56,$17,$39,$39,$38,$0,$0,$87,92,$0.44,$0.42,$251,$0,$0,$11658,$141,$6367,$544,$342,$7476,$19134,$15412,$1827,$0,$1827,$17239,$1,$898,$-46,$1895,$19134,$39,$26,$22,$48,$-14,$0,$0,$-3,$-52,$35,$-2,$0,$0,$0,$-368,$-368,$-100,$-470,$25,$104,$129,$-1,$-1,$-5,$289,$412,$-23,$2,$-4
27,2011-12-31,17.56,$21.16,0.83,$9.54,1.84,$8.18,2.15,$1.60,10.97,$11.58B,$15.06B,0.77,$1.81B,$1.82B,0.99,$0.88B,$0.74B,84.47%,$0.88B,$0.21B,23.63%,$0.88B,0,0.00%,$0.88B,0,0.00%,$0.88B,$0.21B,23.63%,$0.88B,$0.15B,16.89%,$0.15B,$1.85B,8.04%,$0.15B,$1.30B,11.45%,$0.15B,$18.71B,0.81%,$0.21B,$3.65B,6.66%,$215,$32,$183,$0,$128,$161,$54,$0,$54,$14,$40,$40,$40,$0,$0,$87,92,$0.45,$0.44,$292,$0,$0,$11578,$147,$5992,$546,$345,$7136,$18714,$15063,$1805,$0,$1805,$16869,$1,$865,$-60,$1846,$18714,$151,$83,$60,$143,$-12,$12,$0,$-10,$-28,$266,$-25,$0,$0,$0,$-368,$-368,$-379,$-772,$463,$73,$536,$-17,$-27,$-17,$48,$540,$36,$6,$-14
28,2011-09-30,13.14,$21.25,0.62,$9.85,1.33,$9.43,1.39,$1.47,8.94,$11.34B,$15.06B,0.75,$1.32B,$1.82B,0.72,$0.88B,$0.74B,83.85%,$0.88B,$0.19B,21.62%,$0.88B,0,0.00%,$0.88B,0,0.00%,$0.88B,$0.19B,21.62%,$0.88B,$0.13B,14.90%,$0.13B,$1.85B,7.18%,$0.13B,$1.30B,10.27%,$0.13B,$18.23B,0.73%,$0.19B,$3.17B,6.38%,$219,$33,$186,$0,$127,$161,$58,$0,$58,$16,$42,$42,$41,$0,$0,$87,91,$0.48,$0.45,$256,$0,$0,$11338,$148,$5750,$547,$348,$6890,$18228,$15063,$1315,$0,$1315,$16378,$1,$840,$-33,$1850,$18228,$111,$60,$46,$106,$26,$12,$0,$-8,$37,$253,$-16,$0,$0,$0,$-112,$-112,$-168,$-295,$-29,$129,$100,$-17,$-17,$-12,$-23,$49,$9,$4,$-10
29,2011-06-30,18.0,$21.18,0.85,$10.16,1.77,$10.18,1.77,$1.24,14.52,$11.26B,$14.99B,0.75,$0.97B,$1.81B,0.54,$0.88B,$0.73B,82.92%,$0.88B,$0.16B,17.99%,$0.88B,0,0.00%,$0.88B,0,0.00%,$0.88B,$0.16B,17.99%,$0.88B,$0.11B,12.22%,$0.11B,$1.84B,5.88%,$0.11B,$1.29B,8.39%,$0.11B,$17.81B,0.60%,$0.16B,$2.81B,5.43%,$222,$35,$187,$0,$136,$172,$50,$0,$50,$16,$34,$34,$33,$0,$0,$87,92,$0.38,$0.36,$254,$0,$0,$11256,$152,$5410,$548,$350,$6551,$17807,$14994,$970,$0,$970,$15964,$1,$804,$-4,$1843,$17807,$69,$40,$29,$68,$41,$12,$0,$-5,$43,$180,$-9,$0,$0,$0,$233,$233,$-67,$157,$-377,$-12,$-389,$-15,$-15,$-7,$108,$-302,$36,$3,$-5
30,2011-03-31,18.31,$20.99,0.87,$10.70,1.71,$10.45,1.75,$1.03,17.78,$11.26B,$15.17B,0.74,$0.97B,$1.80B,0.54,$0.91B,$0.74B,82.12%,$0.91B,$0.13B,14.02%,$0.91B,0,0.00%,$0.91B,0,0.00%,$0.91B,$0.13B,14.02%,$0.91B,$0.09B,9.71%,$0.09B,$1.83B,4.76%,$0.09B,$1.28B,6.79%,$0.09B,$17.97B,0.49%,$0.13B,$2.80B,4.24%,$220,$36,$184,$0,$138,$175,$45,$0,$45,$12,$33,$33,$34,$0,$0,$87,93,$0.38,$0.36,$276,$0,$0,$11262,$155,$5550,$550,$353,$6703,$17965,$15166,$974,$0,$974,$16140,$1,$777,$-6,$1825,$17965,$33,$21,$14,$35,$42,$12,$0,$-3,$39,$107,$-6,$0,$0,$0,$85,$85,$-83,$-4,$-375,$-234,$-609,$0,$0,$-2,$516,$-95,$11,$1,$-1
31,2010-12-31,16.83,$20.48,0.82,$11.20,1.5,$7.93,2.12,$0.59,28.52,$11.23B,$14.90B,0.75,$1.35B,$1.75B,0.77,$0.91B,$0.74B,81.01%,$0.91B,$0.08B,9.22%,$0.91B,0,0.00%,$0.91B,0,0.00%,$0.91B,$0.08B,9.22%,$0.91B,$0.05B,5.27%,$0.05B,$1.78B,2.59%,$0.05B,$1.23B,3.68%,$0.05B,$18.03B,0.27%,$0.08B,$3.13B,2.75%,$218,$38,$180,$0,$142,$181,$37,$0,$37,$7,$30,$30,$23,$0,$0,$78,82,$0.29,$0.28,$224,$0,$0,$11232,$158,$5630,$551,$356,$6802,$18034,$14904,$1351,$0,$1351,$16255,$1,$742,$-14,$1779,$18034,$72,$93,$140,$233,$32,$-12,$0,$-13,$32,$337,$-18,$0,$0,$0,$-668,$-668,$168,$-518,$225,$236,$460,$117,$-283,$-21,$13,$169,$-11,$7,$-3
32,2010-09-30,14.99,$24.40,0.61,$12.20,1.23,$5.34,2.81,$-0.55,0.0,$11.12B,$14.84B,0.75,$1.06B,$1.58B,0.67,$0.93B,$0.74B,79.91%,$0.93B,$0.03B,3.24%,$0.93B,0,0.00%,$0.93B,0,0.00%,$0.93B,$0.03B,3.24%,$0.93B,$-0.03B,-3.35%,$-0.03B,$1.91B,-1.63%,$-0.03B,$1.35B,-2.30%,$-0.03B,$17.80B,-0.17%,$0.03B,$2.97B,0.99%,$224,$42,$182,$0,$153,$196,$27,$0,$27,$5,$23,$23,$18,$0,$0,$78,82,$0.23,$0.22,$250,$0,$0,$11116,$161,$5500,$553,$358,$6685,$17800,$14836,$1058,$0,$1058,$15894,$1,$723,$-9,$1906,$17800,$42,$67,$110,$177,$56,$-10,$0,$-8,$66,$285,$-10,$0,$0,$0,$-531,$-531,$312,$-230,$-70,$193,$122,$1,$-99,$-17,$-58,$-52,$4,$4,$-2
33,2010-06-30,15.31,$24.13,0.63,$12.93,1.18,$3.32,4.6,$-1.16,0.0,$11.07B,$14.64B,0.76,$1.22B,$1.56B,0.78,$0.93B,$0.73B,78.30%,$0.93B,$-0.04B,-4.08%,$0.93B,0,0.00%,$0.93B,0,0.00%,$0.93B,$-0.04B,-4.08%,$0.93B,$-0.08B,-8.06%,$-0.08B,$1.88B,-3.95%,$-0.08B,$1.33B,-5.59%,$-0.08B,$17.74B,-0.42%,$-0.04B,$3.10B,-1.23%,$244,$46,$198,$0,$178,$225,$18,$0,$18,$1,$18,$18,$13,$0,$0,$78,83,$0.16,$0.15,$228,$0,$0,$11074,$165,$5487,$554,$362,$6669,$17743,$14643,$1216,$0,$1216,$15859,$1,$710,$-13,$1884,$17743,$19,$45,$73,$118,$21,$-0,$0,$-6,$44,$181,$-5,$0,$0,$0,$-529,$-529,$435,$-99,$86,$104,$190,$1,$-99,$-12,$-153,$-73,$8,$2,$-2
34,2010-03-31,14.91,$23.81,0.63,$13.79,1.08,$0.56,26.73,$-1.00,0.0,$11.39B,$15.01B,0.76,$1.16B,$1.53B,0.76,$0.91B,$0.69B,75.38%,$0.91B,$-0.12B,-12.75%,$0.91B,0,0.00%,$0.91B,0,0.00%,$0.91B,$-0.12B,-12.75%,$0.91B,$-0.07B,-7.80%,$-0.07B,$1.86B,-3.76%,$-0.07B,$1.30B,-5.33%,$-0.07B,$18.03B,-0.40%,$-0.12B,$3.02B,-3.75%,$225,$46,$178,$0,$175,$223,$2,$0,$2,$0,$1,$1,$-6,$0,$0,$78,78,$-0.08,$-0.08,$320,$0,$0,$11390,$171,$5423,$555,$365,$6635,$18025,$15006,$1163,$0,$1163,$16169,$1,$700,$-26,$1856,$18025,$1,$22,$42,$64,$-171,$0,$0,$-1,$-175,$-110,$-2,$0,$0,$0,$-498,$-498,$318,$-183,$30,$-6,$23,$1,$-99,$-6,$361,$279,$-13,$-0,$-1
35,2009-12-31,10.12,$25.14,0.4,$15.63,0.65,$2.18,4.64,$-1.33,0.0,$11.59B,$14.65B,0.79,$1.13B,$1.54B,0.74,$0.93B,$0.68B,73.04%,$0.93B,$-0.13B,-13.96%,$0.93B,0,0.00%,$0.93B,0,0.00%,$0.93B,$-0.13B,-13.96%,$0.93B,$-0.09B,-9.34%,$-0.09B,$1.96B,-4.60%,$-0.09B,$1.40B,-6.53%,$-0.09B,$17.74B,-0.50%,$-0.13B,$3.09B,-4.15%,$233,$51,$182,$0,$198,$250,$-17,$0,$-17,$-2,$-15,$-15,$-56,$0,$0,$61,64,$-0.93,$-0.71,$561,$0,$0,$11588,$178,$4926,$557,$369,$6151,$17739,$14648,$1133,$0,$1133,$15781,$1,$708,$-28,$1958,$17739,$-77,$68,$347,$415,$-179,$0,$0,$-12,$-224,$114,$-32,$0,$96,$0,$-771,$-771,$240,$-466,$-803,$-712,$-1516,$0,$-61,$-35,$1875,$264,$-88,$8,$-2
36,2009-09-30,10.62,$27.85,0.38,$14.34,0.74,$9.59,1.11,$-6.40,0.0,$11.89B,$14.66B,0.81,$1.25B,$1.45B,0.87,$0.82B,$0.54B,65.53%,$0.82B,$-0.48B,-58.47%,$0.82B,0,0.00%,$0.82B,0,0.00%,$0.82B,$-0.48B,-58.10%,$0.82B,$-0.34B,-41.29%,$-0.34B,$1.90B,-18.09%,$-0.34B,$1.34B,-25.82%,$-0.34B,$17.81B,-1.93%,$-0.48B,$3.15B,-14.37%,$229,$58,$171,$0,$211,$270,$-41,$0,$-41,$-22,$-19,$-19,$-26,$0,$0,$66,66,$-0.39,$-0.39,$534,$0,$0,$11887,$179,$4756,$560,$287,$5921,$17808,$14658,$1253,$0,$1253,$15911,$1,$760,$-34,$1897,$17808,$-62,$47,$263,$310,$-97,$0,$0,$-8,$-137,$111,$-22,$0,$0,$0,$-600,$-600,$125,$-496,$-685,$-698,$-1383,$38,$-21,$-28,$1731,$300,$-86,$6,$-2
37,2009-06-30,6.85,$28.88,0.24,$15.31,0.45,$15.84,0.43,$-6.43,0.0,$11.96B,$14.35B,0.83,$1.25B,$1.40B,0.89,$0.82B,$0.51B,62.29%,$0.82B,$-0.46B,-55.35%,$0.82B,0,0.00%,$0.82B,0,0.00%,$0.82B,$-0.45B,-55.23%,$0.82B,$-0.34B,-40.75%,$-0.34B,$1.85B,-18.07%,$-0.34B,$1.29B,-26.93%,$-0.34B,$17.45B,-1.92%,$-0.46B,$3.11B,-12.96%,$223,$68,$155,$0,$214,$283,$-60,$0,$-60,$-29,$-32,$-32,$17,$0,$0,$53,58,$0.31,$-0.65,$263,$0,$0,$11961,$180,$4312,$561,$285,$5491,$17453,$14348,$1254,$0,$1254,$15601,$1,$787,$-67,$1851,$17453,$-43,$30,$174,$204,$-139,$0,$0,$-5,$-186,$-24,$-13,$0,$0,$0,$-210,$-210,$275,$51,$-687,$-555,$-1242,$-0,$-59,$-21,$1290,$-32,$-5,$4,$-1
38,2009-03-31,3.61,$35.30,0.1,$15.51,0.23,$22.37,0.16,$-7.30,0.0,$12.36B,$14.06B,0.88,$1.33B,$1.25B,1.07,$0.81B,$0.48B,59.11%,$0.81B,$-0.44B,-54.15%,$0.81B,0,0.00%,$0.81B,0,0.00%,$0.81B,$-0.44B,-54.15%,$0.81B,$-0.38B,-47.21%,$-0.38B,$1.87B,-20.43%,$-0.38B,$1.30B,-31.61%,$-0.38B,$17.26B,-2.18%,$-0.44B,$3.20B,-11.73%,$246,$74,$172,$0,$183,$258,$-12,$0,$-12,$-1,$-11,$-11,$-22,$0,$0,$52,52,$-0.41,$-0.41,$229,$0,$0,$12362,$183,$3662,$562,$288,$4895,$17257,$14058,$1333,$0,$1333,$15392,$1,$759,$-105,$1865,$17257,$-11,$14,$53,$67,$-40,$0,$0,$-3,$-40,$16,$-6,$0,$0,$0,$192,$192,$52,$238,$-680,$-424,$-1103,$-0,$-0,$-10,$810,$-304,$-50,$2,$-1
39,2008-12-31,11.67,$35.62,0.33,$16.12,0.72,$27.03,0.43,$-6.42,0.0,$12.52B,$13.68B,0.92,$2.02B,$1.27B,1.6,$0.84B,$0.48B,56.84%,$0.84B,$-0.38B,-45.66%,$0.84B,0,0.00%,$0.84B,0,0.00%,$0.84B,$-0.38B,-45.66%,$0.84B,$-0.34B,-39.83%,$-0.34B,$1.88B,-18.33%,$-0.34B,$1.32B,-29.99%,$-0.34B,$17.58B,-1.92%,$-0.38B,$3.91B,-10.27%,$123,$83,$40,$0,$217,$490,$-367,$0,$-364,$-64,$-300,$-300,$-308,$0,$0,$52,52,$-5.91,$-5.91,$281,$0,$0,$12518,$186,$3846,$564,$280,$5065,$17584,$13676,$2024,$0,$2024,$15700,$1,$784,$-106,$1884,$17584,$-321,$255,$340,$595,$234,$3,$0,$-10,$212,$486,$-34,$0,$0,$0,$-796,$-796,$-421,$-1251,$287,$334,$621,$-0,$617,$-74,$-469,$696,$-47,$8,$-63
40,2008-09-30,21.02,$34.46,0.61,$19.07,1.1,$23.25,0.9,$-0.67,0.0,$12.99B,$13.68B,0.95,$2.01B,$1.59B,1.27,$1.01B,$0.61B,60.24%,$1.01B,$-0.01B,-0.89%,$1.01B,0,0.00%,$1.01B,0,0.00%,$1.01B,$-0.01B,-1.38%,$1.01B,$-0.04B,-3.56%,$-0.04B,$1.82B,-2.01%,$-0.04B,$1.06B,-3.50%,$-0.04B,$17.52B,-0.21%,$-0.01B,$3.83B,-0.25%,$230,$85,$145,$0,$158,$246,$-16,$-2,$-18,$-2,$-16,$-16,$-22,$0,$0,$52,52,$-0.42,$-0.42,$229,$0,$0,$12985,$188,$2991,$754,$470,$4531,$17516,$13677,$2013,$0,$2023,$15699,$1,$1109,$-86,$1817,$17516,$-21,$52,$191,$243,$218,$1,$0,$-36,$173,$395,$0,$0,$0,$-1,$-320,$-321,$-523,$-844,$306,$452,$758,$0,$218,$-53,$-580,$342,$-85,$7,$-47
41,2008-06-30,15.26,$36.00,0.42,$20.23,0.75,$20.31,0.75,$0.39,39.12,$12.99B,$13.50B,0.96,$2.07B,$1.67B,1.24,$1.08B,$0.64B,59.23%,$1.08B,$0.06B,5.26%,$1.08B,0,0.00%,$1.08B,0,0.00%,$1.08B,$0.05B,4.98%,$1.08B,$0.02B,1.94%,$0.02B,$1.89B,1.17%,$0.02B,$1.14B,2.08%,$0.02B,$17.48B,0.12%,$0.06B,$3.97B,1.66%,$208,$88,$120,$0,$152,$250,$-42,$-0,$-43,$-14,$-28,$-28,$-29,$0,$0,$52,52,$-0.56,$-0.56,$329,$0,$0,$12987,$190,$3048,$757,$402,$4491,$17479,$13504,$2074,$0,$2083,$15587,$1,$1147,$-46,$1892,$17479,$-4,$38,$105,$142,$218,$0,$0,$-15,$184,$322,$-16,$0,$0,$2,$-286,$-284,$-342,$-642,$369,$37,$406,$0,$218,$-32,$-278,$315,$17,$5,$-31
42,2008-03-31,22.61,$32.71,0.69,$21.66,1.04,$14.94,1.51,$1.58,14.31,$12.79B,$13.97B,0.92,$1.54B,$1.72B,0.9,$1.18B,$0.71B,59.90%,$1.18B,$0.15B,12.86%,$1.18B,0,0.00%,$1.18B,0,0.00%,$1.18B,$0.15B,12.69%,$1.18B,$0.09B,7.19%,$0.09B,$1.72B,4.79%,$0.09B,$0.95B,8.66%,$0.09B,$17.24B,0.50%,$0.15B,$3.25B,4.74%,$280,$107,$173,$0,$130,$239,$41,$-0,$41,$14,$27,$27,$24,$0,$0,$52,53,$0.46,$0.46,$279,$0,$0,$12786,$193,$2970,$766,$448,$4458,$17244,$13971,$1536,$10,$1556,$15527,$1,$1191,$-46,$1717,$17244,$25,$14,$15,$29,$213,$1,$0,$-66,$209,$263,$-9,$0,$0,$1,$-157,$-156,$-143,$-308,$-183,$404,$221,$0,$0,$-16,$-211,$-5,$-32,$2,$-16
43,2007-12-31,25.7,$33.09,0.78,$21.55,1.19,$9.52,2.7,$1.73,14.85,$13.00B,$13.74B,0.95,$1.70B,$1.74B,0.98,$1.20B,$0.71B,59.27%,$1.20B,$0.16B,13.52%,$1.20B,0,0.00%,$1.20B,0,0.00%,$1.20B,$0.16B,13.36%,$1.20B,$0.10B,8.01%,$0.10B,$1.74B,5.27%,$0.10B,$0.97B,9.46%,$0.10B,$17.20B,0.57%,$0.16B,$3.44B,5.08%,$293,$122,$171,$0,$161,$285,$8,$0,$6,$0,$6,$6,$-9,$0,$0,$55,55,$-0.14,$-0.13,$314,$0,$0,$13004,$193,$2858,$768,$321,$4198,$17202,$13744,$1703,$9,$1722,$15465,$1,$1184,$-16,$1737,$17202,$98,$62,$87,$149,$37,$2,$0,$2,$60,$306,$-35,$0,$0,$171,$-291,$-120,$-154,$-309,$-9,$345,$336,$-169,$-169,$-65,$-104,$-2,$-5,$9,$-65
44,2007-09-30,33.56,$33.73,0.99,$21.36,1.57,$6.87,4.89,$2.56,13.11,$12.91B,$13.73B,0.94,$1.30B,$1.81B,0.72,$1.18B,$0.68B,57.61%,$1.18B,$0.21B,17.94%,$1.18B,0,0.00%,$1.18B,0,0.00%,$1.18B,$0.21B,17.68%,$1.18B,$0.14B,12.10%,$0.14B,$1.81B,7.71%,$0.14B,$0.99B,13.66%,$0.14B,$16.85B,0.84%,$0.21B,$3.10B,6.58%,$303,$125,$178,$0,$127,$253,$50,$0,$50,$15,$35,$35,$35,$0,$0,$54,54,$0.65,$0.64,$346,$0,$0,$12910,$198,$2507,$816,$372,$3935,$16845,$13727,$1295,$9,$1314,$15040,$1,$1208,$-10,$1805,$16845,$105,$48,$34,$82,$51,$4,$0,$-7,$91,$279,$-26,$0,$0,$95,$71,$166,$-77,$63,$-408,$102,$-306,$-130,$-130,$-49,$96,$-389,$-47,$7,$-49
45,2007-06-30,33.76,$33.63,1.0,$20.83,1.62,$4.18,8.07,$2.09,16.15,$13.06B,$13.91B,0.94,$1.19B,$1.84B,0.65,$1.15B,$0.63B,55.15%,$1.15B,$0.17B,15.10%,$1.15B,0,0.00%,$1.15B,0,0.00%,$1.15B,$0.17B,14.75%,$1.15B,$0.12B,10.21%,$0.12B,$1.84B,6.41%,$0.12B,$1.02B,11.17%,$0.12B,$16.95B,0.68%,$0.17B,$3.03B,4.95%,$306,$120,$186,$0,$130,$253,$53,$0,$53,$17,$36,$36,$35,$0,$0,$56,56,$0.64,$0.63,$307,$0,$0,$13061,$194,$2458,$818,$380,$3887,$16947,$13905,$1188,$8,$1205,$15110,$1,$1190,$-5,$1838,$16947,$71,$32,$17,$50,$-109,$-1,$0,$-5,$-75,$45,$-15,$0,$0,$167,$128,$295,$-81,$199,$-515,$7,$-508,$-82,$-82,$-32,$361,$-260,$-19,$5,$-32
46,2007-03-31,37.73,$33.70,1.12,$21.15,1.78,$5.67,6.66,$2.27,16.62,$12.99B,$13.68B,0.95,$1.28B,$1.91B,0.67,$1.15B,$0.63B,54.93%,$1.15B,$0.18B,16.04%,$1.15B,0,0.00%,$1.15B,0,0.00%,$1.15B,$0.18B,15.69%,$1.15B,$0.13B,10.90%,$0.13B,$1.91B,7.04%,$0.13B,$1.08B,12.14%,$0.13B,$16.88B,0.71%,$0.18B,$3.18B,4.90%,$296,$121,$175,$0,$121,$245,$51,$0,$51,$16,$35,$35,$35,$0,$0,$56,57,$0.62,$0.62,$289,$0,$0,$12990,$196,$2462,$823,$377,$3889,$16879,$13679,$1279,$7,$1296,$14974,$1,$1174,$-4,$1905,$16879,$35,$16,$4,$21,$-98,$-9,$0,$1,$-80,$-24,$-9,$0,$0,$169,$129,$298,$-28,$261,$-418,$51,$-368,$3,$3,$-15,$100,$-280,$-43,$2,$-15
47,2006-12-31,38.09,$35.86,1.06,$21.44,1.78,$8.07,4.72,$2.47,15.42,$13.71B,$13.50B,1.02,$1.70B,$1.87B,0.91,$1.15B,$0.64B,55.80%,$1.15B,$0.20B,17.18%,$1.15B,0,0.00%,$1.15B,0,0.00%,$1.15B,$0.19B,16.83%,$1.15B,$0.13B,11.68%,$0.13B,$1.87B,7.83%,$0.13B,$1.10B,13.47%,$0.13B,$17.10B,0.75%,$0.20B,$3.57B,4.78%,$277,$135,$142,$0,$80,$218,$58,$-2,$55,$17,$38,$38,$38,$0,$0,$53,54,$0.68,$0.67,$492,$0,$0,$13714,$191,$1957,$778,$424,$3383,$17097,$13498,$1697,$18,$1725,$15223,$1,$1150,$-3,$1874,$17097,$134,$54,$72,$126,$-89,$-3,$0,$2,$-105,$155,$-33,$0,$11,$-64,$2207,$2143,$-535,$1587,$-1203,$-628,$-1831,$-53,$-53,$-57,$219,$-1722,$18,$9,$-57
