,Date,Stock Price,Book Value per Share,Price to Book Ratio,TTM Sales per Share,Price to Sales Ratio,TTM FCF per Share,Price to FCF Ratio,TTM Net EPS,PE Ratio,Current Assets,Current Liabilities,Current Ratio,Long Term Debt,Shareholder's Equity_x,Debt to Equity Ratio,TTM Revenue_x,TTM Gross Profit,Gross Margin,TTM Revenue_y,TTM Operating Income,Operating Margin,TTM Revenue_x,TTM EBIT,EBIT Margin,TTM Revenue_y,TTM EBITDA,EBITDA Margin,TTM Revenue_x,TTM Pre-Tax Income,Pre-Tax Margin,TTM Revenue_y,TTM Net Income_x,Net Margin,TTM Net Income_y,Shareholder's Equity_y,Return on Equity,TTM Net Income_x,Tangible Equity,Return on Tangible Equity,TTM Net Income_y,Total Assets,Return on Assets,TTM Net Income,LT Investments & Debt,Return on Investment,revenue,cost-goods-sold,gross-profit,research-development-expenses,selling-general-administrative-expenses,operating-expenses,operating-income,total-non-operating-income-expense,pre-tax-income,total-provision-income-taxes,income-after-taxes,income-from-continuous-operations,net-income,ebitda,ebit,basic-shares-outstanding,shares-outstanding,eps-basic-net-earnings-per-share,eps-earnings-per-share-diluted,cash-on-hand,inventory,other-current-assets,total-current-assets,net-property-plant-equipment,long-term-investments,goodwill-intangible-assets-total,other-long-term-assets,total-long-term-assets,total-assets,total-current-liabilities,long-term-debt,other-non-current-liabilities,total-long-term-liabilities,total-liabilities,common-stock-net,retained-earnings-accumulated-deficit,comprehensive-income,total-share-holder-equity,total-liabilities-share-holders-equity,net-income-loss,total-depreciation-amortization-cash-flow,other-non-cash-items,total-non-cash-items,change-in-accounts-receivable,change-in-inventories,change-in-accounts-payable,change-in-assets-liabilities,total-change-in-assets-liabilities,cash-flow-from-operating-activities,net-change-in-property-plant-equipment,net-change-in-intangible-assets,net-acquisitions-divestitures,net-change-in-short-term-investments,net-change-in-long-term-investments,net-change-in-investments-total,investing-activities-other,cash-flow-from-investing-activities,net-long-term-debt,net-current-debt,debt-issuance-retirement-net-total,net-common-equity-issued-repurchased,net-total-equity-issued-repurchased,total-common-preferred-stock-dividends-paid,financial-activities-other,cash-flow-from-financial-activities,net-cash-flow,stock-based-compensation,common-stock-dividends-paid
0,2018-09-30,20.88,$1.18,17.73,$10.99,1.9,$-5.37,0.0,$0.65,32.12,$0.44B,$0.32B,1.36,$1.36B,$0.17B,8.23,$1.55B,$0.56B,36.19%,$1.55B,$0.23B,14.52%,$1.55B,$0.23B,14.52%,$1.55B,$0.28B,18.19%,$1.55B,$0.11B,6.90%,$1.55B,$0.12B,7.74%,$0.12B,$0.17B,88.56%,$0.12B,$-1.33B,-9.47%,$0.12B,$2.09B,6.05%,$0.23B,$1.52B,15.46%,$413,$260,$153,$0,$72,$345,$68,$-28,$40,$13,$27,$27,$27,$84,$68,$140,141,$0.19,$0.19,$94,$201,$27,$440,$117,$0,$1495,$38,$1649,$2089,$323,$1359,$81,$1601,$1924,$1,$241,$-33,$165,$2089,$51,$45,$22,$66,$-483,$-35,$0,$-21,$-539,$-421,$-14,$0,$-218,$0,$0,$0,$454,$221,$137,$30,$167,$6,$6,$0,$-3,$169,$-35,$5,$0
1,2018-06-30,22.31,$1.01,22.2,$10.77,2.07,$-4.68,0.0,$0.89,25.07,$0.46B,$0.32B,1.41,$1.41B,$0.14B,10.0,$1.52B,$0.55B,36.39%,$1.52B,$0.23B,15.03%,$1.52B,$0.23B,15.03%,$1.52B,$0.28B,18.59%,$1.52B,$0.11B,7.38%,$1.52B,$0.12B,8.17%,$0.12B,$0.14B,117.81%,$0.12B,$-1.36B,-9.91%,$0.12B,$2.11B,6.43%,$0.23B,$1.55B,16.19%,$421,$271,$149,$0,$83,$365,$56,$-38,$17,$5,$12,$12,$12,$71,$56,$140,141,$0.09,$0.09,$104,$198,$29,$456,$116,$0,$1503,$37,$1655,$2111,$323,$1408,$75,$1648,$1971,$1,$230,$-38,$141,$2111,$25,$29,$21,$50,$-313,$-31,$13,$-31,$-363,$-288,$-8,$0,$-216,$0,$0,$0,$276,$52,$185,$30,$215,$5,$5,$0,$-3,$217,$-25,$6,$0
2,2018-03-31,19.45,$0.95,20.57,$10.42,1.87,$-4.41,0.0,$1.01,19.26,$0.45B,$0.28B,1.61,$1.28B,$0.13B,9.67,$1.47B,$0.54B,36.81%,$1.47B,$0.23B,15.41%,$1.47B,$0.23B,15.41%,$1.47B,$0.28B,18.95%,$1.47B,$0.13B,8.52%,$1.47B,$0.14B,9.68%,$0.14B,$0.13B,195.19%,$0.14B,$-1.17B,-11.47%,$0.14B,$1.90B,7.60%,$0.23B,$1.41B,16.66%,$350,$224,$126,$0,$76,$309,$42,$-29,$13,$0,$13,$13,$13,$55,$42,$140,141,$0.09,$0.09,$154,$177,$25,$447,$113,$0,$1302,$37,$1452,$1899,$278,$1280,$71,$1489,$1767,$1,$218,$-29,$132,$1899,$13,$14,$2,$15,$-135,$-23,$8,$-32,$-181,$-154,$-4,$0,$0,$0,$0,$0,$132,$128,$55,$0,$55,$3,$3,$0,$-2,$55,$25,$3,$0
3,2017-12-31,23.51,$0.74,31.64,$10.27,2.29,$-4.50,0.0,$0.96,24.49,$0.38B,$0.30B,1.29,$1.23B,$0.10B,11.89,$1.45B,$0.54B,37.16%,$1.45B,$0.22B,15.16%,$1.45B,$0.22B,15.16%,$1.45B,$0.27B,18.75%,$1.45B,$0.12B,8.24%,$1.45B,$0.13B,9.27%,$0.13B,$0.10B,403.01%,$0.13B,$-1.20B,-10.45%,$0.13B,$1.84B,7.24%,$0.22B,$1.34B,16.40%,$366,$233,$133,$0,$64,$307,$59,$-22,$37,$-31,$68,$68,$68,$72,$59,$139,141,$0.48,$0.48,$129,$152,$19,$384,$112,$0,$1308,$37,$1457,$1840,$298,$1232,$67,$1439,$1737,$1,$189,$-32,$104,$1840,$134,$53,$-52,$2,$11,$-2,$-8,$1,$2,$138,$-8,$0,$-1,$0,$0,$0,$6,$-3,$-49,$0,$-49,$5,$5,$0,$-7,$-52,$75,$11,$0
4,2017-09-30,23.05,$0.32,72.97,$10.38,2.22,$-4.63,0.0,$0.64,36.02,$0.41B,$0.30B,1.35,$1.29B,$0.04B,29.38,$1.46B,$0.54B,37.24%,$1.46B,$0.22B,14.75%,$1.46B,$0.22B,14.75%,$1.46B,$0.27B,18.38%,$1.46B,$0.11B,7.75%,$1.46B,$0.09B,5.97%,$0.09B,$0.04B,-2320.00%,$0.09B,$-1.27B,-6.57%,$0.09B,$1.86B,4.74%,$0.22B,$1.34B,16.42%,$380,$237,$144,$0,$66,$310,$71,$-26,$45,$14,$31,$31,$31,$84,$71,$139,141,$0.22,$0.22,$129,$169,$22,$406,$111,$0,$1313,$33,$1457,$1862,$300,$1293,$45,$1519,$1818,$1,$139,$-29,$44,$1862,$66,$40,$-9,$30,$-395,$-18,$-3,$-14,$-431,$-335,$-2,$0,$0,$0,$0,$0,$405,$403,$6,$4,$10,$3,$3,$0,$-6,$7,$68,$9,$0
5,2017-06-30,18.85,$0.08,231.86,$10.44,1.81,$-1.94,0.0,$0.58,32.5,$0.41B,$0.31B,1.31,$1.33B,$0.01B,117.6,$1.46B,$0.54B,37.00%,$1.46B,$0.21B,14.02%,$1.46B,$0.21B,14.02%,$1.46B,$0.26B,17.65%,$1.46B,$0.10B,6.84%,$1.46B,$0.08B,5.54%,$0.08B,$0.01B,-247.33%,$0.08B,$-1.31B,-5.95%,$0.08B,$1.87B,4.44%,$0.21B,$1.34B,15.85%,$371,$234,$137,$0,$75,$317,$54,$-25,$30,$-0,$30,$30,$30,$67,$54,$139,141,$0.22,$0.21,$103,$173,$27,$405,$108,$0,$1319,$36,$1463,$1868,$309,$1329,$39,$1548,$1856,$1,$106,$-32,$11,$1868,$35,$26,$-5,$21,$-266,$-24,$10,$-30,$-310,$-254,$-2,$0,$0,$0,$0,$0,$257,$255,$44,$4,$48,$1,$1,$0,$-4,$46,$43,$7,$0
6,2017-03-31,19.63,$-0.19,-103.64,$10.46,1.88,$-0.15,0.0,$0.48,40.9,$0.38B,$0.29B,1.33,$1.35B,$-0.03B,-51.46,$1.46B,$0.54B,36.94%,$1.46B,$0.20B,13.78%,$1.46B,$0.20B,13.78%,$1.46B,$0.26B,17.48%,$1.46B,$0.09B,6.10%,$1.46B,$0.07B,4.52%,$0.07B,$-0.03B,-104.35%,$0.07B,$-1.35B,-4.72%,$0.07B,$1.84B,3.65%,$0.20B,$1.33B,15.79%,$328,$205,$123,$0,$75,$293,$35,$-28,$7,$2,$5,$5,$5,$48,$35,$139,140,$0.04,$0.04,$83,$171,$33,$380,$108,$0,$1324,$26,$1458,$1837,$285,$1353,$43,$1579,$1863,$1,$76,$-37,$-26,$1837,$5,$13,$5,$18,$-122,$-24,$9,$-50,$-188,$-164,$-5,$0,$0,$0,$0,$0,$116,$111,$76,$4,$80,$1,$1,$0,$-4,$78,$23,$4,$0
7,2016-12-31,19.33,$-0.31,-61.58,$10.47,1.85,$0.86,22.58,$0.57,33.91,$0.31B,$0.31B,0.98,$1.28B,$-0.04B,-29.4,$1.46B,$0.53B,36.65%,$1.46B,$0.20B,13.73%,$1.46B,$0.20B,13.73%,$1.46B,$0.25B,17.36%,$1.46B,$0.11B,7.21%,$1.46B,$0.08B,5.42%,$0.08B,$-0.04B,-89.52%,$0.08B,$-1.37B,-5.51%,$0.08B,$1.77B,4.38%,$0.20B,$1.24B,15.92%,$379,$240,$139,$0,$74,$324,$55,$-24,$31,$10,$21,$21,$21,$69,$55,$138,140,$0.16,$0.15,$60,$146,$21,$308,$109,$0,$1330,$22,$1461,$1769,$313,$1279,$36,$1500,$1813,$1,$71,$-43,$-44,$1769,$80,$53,$-0,$53,$-8,$-4,$-11,$16,$-7,$126,$-16,$0,$1,$0,$0,$0,$-6,$-20,$1308,$0,$1308,$16,$16,$-1362,$-45,$-83,$22,$6,$-1362
