,Date,Stock Price,Book Value per Share,Price to Book Ratio,TTM Sales per Share,Price to Sales Ratio,TTM FCF per Share,Price to FCF Ratio,TTM Net EPS,PE Ratio,Current Assets,Current Liabilities,Current Ratio,Long Term Debt,Shareholder's Equity_x,Debt to Equity Ratio,TTM Revenue_x,TTM Gross Profit,Gross Margin,TTM Revenue_y,TTM Operating Income,Operating Margin,TTM Revenue_x,TTM EBIT,EBIT Margin,TTM Revenue_y,TTM EBITDA,EBITDA Margin,TTM Revenue_x,TTM Pre-Tax Income,Pre-Tax Margin,TTM Revenue_y,TTM Net Income_x,Net Margin,TTM Net Income_y,Shareholder's Equity_y,Return on Equity,TTM Net Income_x,Tangible Equity,Return on Tangible Equity,TTM Net Income_y,Total Assets,Return on Assets,TTM Net Income,LT Investments & Debt,Return on Investment,revenue,cost-goods-sold,gross-profit,research-development-expenses,selling-general-administrative-expenses,operating-expenses,operating-income,total-non-operating-income-expense,pre-tax-income,total-provision-income-taxes,income-after-taxes,income-from-continuous-operations,net-income,ebitda,ebit,basic-shares-outstanding,shares-outstanding,eps-basic-net-earnings-per-share,eps-earnings-per-share-diluted,cash-on-hand,inventory,other-current-assets,total-current-assets,net-property-plant-equipment,long-term-investments,goodwill-intangible-assets-total,other-long-term-assets,total-long-term-assets,total-assets,total-current-liabilities,long-term-debt,other-non-current-liabilities,total-long-term-liabilities,total-liabilities,common-stock-net,retained-earnings-accumulated-deficit,comprehensive-income,total-share-holder-equity,total-liabilities-share-holders-equity,net-income-loss,total-depreciation-amortization-cash-flow,other-non-cash-items,total-non-cash-items,change-in-accounts-receivable,change-in-inventories,change-in-accounts-payable,change-in-assets-liabilities,total-change-in-assets-liabilities,cash-flow-from-operating-activities,net-change-in-property-plant-equipment,net-change-in-intangible-assets,net-acquisitions-divestitures,net-change-in-short-term-investments,net-change-in-long-term-investments,net-change-in-investments-total,investing-activities-other,cash-flow-from-investing-activities,net-long-term-debt,net-current-debt,debt-issuance-retirement-net-total,net-common-equity-issued-repurchased,net-total-equity-issued-repurchased,total-common-preferred-stock-dividends-paid,financial-activities-other,cash-flow-from-financial-activities,net-cash-flow,stock-based-compensation,common-stock-dividends-paid
0,2018-09-30,61.45,$47.74,1.29,$170.95,0.36,$8.39,7.33,$4.03,15.25,$2.51B,$1.05B,2.38,$1.23B,$2.23B,0.55,$8.16B,$1.56B,19.11%,$8.16B,$0.35B,4.23%,$8.16B,$0.35B,4.23%,$8.16B,$0.41B,5.05%,$8.16B,$0.27B,3.31%,$8.16B,$0.19B,2.35%,$0.19B,$2.23B,8.88%,$0.19B,$0.14B,342.86%,$0.19B,$4.78B,4.05%,$0.35B,$3.46B,10.04%,$2067,$1670,$397,$0,$284,$1970,$98,$-17,$80,$14,$67,$67,$67,$113,$98,$47,47,$1.42,$1.41,$143,$927,$0,$2506,$157,$0,$2089,$26,$2272,$4779,$1052,$1229,$119,$1495,$2547,$1,$2249,$-350,$2232,$4779,$167,$47,$12,$60,$-84,$23,$18,$-20,$-60,$174,$-24,$0,$0,$0,$0,$0,$4,$-20,$-87,$-2,$-89,$-27,$-27,$0,$-8,$-125,$25,$0,$0
1,2018-06-30,57.1,$45.98,1.24,$169.26,0.34,$6.57,8.68,$3.74,15.27,$2.45B,$1.03B,2.39,$1.26B,$2.17B,0.58,$8.10B,$1.55B,19.12%,$8.10B,$0.34B,4.15%,$8.10B,$0.34B,4.15%,$8.10B,$0.40B,4.99%,$8.10B,$0.26B,3.24%,$8.10B,$0.18B,2.21%,$0.18B,$2.17B,8.40%,$0.18B,$0.08B,2169.70%,$0.18B,$4.72B,3.78%,$0.34B,$3.43B,9.77%,$2104,$1704,$400,$0,$293,$2013,$91,$-18,$73,$16,$58,$58,$58,$107,$91,$47,48,$1.23,$1.22,$111,$935,$0,$2447,$157,$0,$2085,$25,$2268,$4715,$1026,$1262,$121,$1523,$2549,$1,$2182,$-370,$2166,$4715,$101,$32,$6,$38,$-38,$11,$0,$-19,$-63,$87,$-16,$0,$0,$0,$0,$0,$-9,$-25,$-54,$-7,$-61,$-2,$-2,$0,$-1,$-64,$-7,$0,$0
2,2018-03-31,62.05,$45.31,1.37,$164.16,0.38,$6.26,9.91,$3.54,17.53,$2.42B,$1.02B,2.37,$1.29B,$2.13B,0.61,$7.90B,$1.51B,19.16%,$7.90B,$0.33B,4.15%,$7.90B,$0.33B,4.15%,$7.90B,$0.40B,5.00%,$7.90B,$0.26B,3.23%,$7.90B,$0.17B,2.16%,$0.17B,$2.13B,8.09%,$0.17B,$0.02B,-924.32%,$0.17B,$4.71B,3.63%,$0.33B,$3.43B,9.53%,$1994,$1614,$380,$0,$291,$1921,$73,$-20,$53,$10,$43,$43,$44,$89,$73,$47,48,$0.94,$0.93,$124,$950,$0,$2419,$156,$0,$2109,$29,$2295,$4713,$1022,$1292,$128,$1559,$2580,$1,$2125,$-341,$2133,$4713,$43,$16,$3,$19,$-8,$3,$8,$7,$-14,$53,$-8,$0,$0,$0,$0,$0,$-9,$-16,$-22,$-5,$-27,$-2,$-2,$0,$-0,$-29,$6,$0,$0
3,2017-12-31,68.15,$45.01,1.51,$158.16,0.43,$6.18,11.02,$3.37,20.22,$2.41B,$1.04B,2.31,$1.31B,$2.12B,0.62,$7.68B,$1.48B,19.32%,$7.68B,$0.32B,4.19%,$7.68B,$0.32B,4.19%,$7.68B,$0.39B,5.07%,$7.68B,$0.25B,3.28%,$7.68B,$0.17B,2.15%,$0.17B,$2.12B,7.88%,$0.17B,$-0.02B,-437.09%,$0.17B,$4.74B,3.54%,$0.32B,$3.43B,9.40%,$1997,$1613,$383,$0,$284,$1914,$83,$-19,$64,$42,$22,$22,$23,$103,$83,$48,48,$0.49,$0.48,$118,$956,$0,$2409,$156,$0,$2139,$31,$2327,$4735,$1041,$1313,$128,$1578,$2619,$1,$2080,$-313,$2116,$4735,$163,$68,$-40,$28,$-127,$-119,$103,$76,$-42,$149,$-15,$0,$0,$0,$0,$0,$9,$-5,$-52,$12,$-40,$-107,$-107,$0,$6,$-141,$8,$15,$0
4,2017-09-30,58.25,$44.83,1.3,$153.98,0.38,$9.42,6.19,$3.86,15.09,$2.41B,$1.04B,2.31,$1.37B,$2.11B,0.65,$7.48B,$1.45B,19.40%,$7.48B,$0.32B,4.29%,$7.48B,$0.32B,4.29%,$7.48B,$0.39B,5.23%,$7.48B,$0.25B,3.38%,$7.48B,$0.19B,2.53%,$0.19B,$2.11B,9.19%,$0.19B,$-0.05B,-261.59%,$0.19B,$4.76B,4.12%,$0.32B,$3.48B,9.44%,$2000,$1615,$385,$0,$280,$1911,$89,$-17,$72,$18,$54,$54,$54,$105,$89,$47,48,$1.13,$1.12,$94,$925,$0,$2410,$158,$0,$2155,$42,$2354,$4764,$1043,$1368,$66,$1614,$2657,$1,$2057,$-296,$2107,$4764,$141,$48,$8,$56,$-170,$-87,$138,$-12,$-129,$81,$-16,$0,$0,$0,$0,$0,$3,$-12,$3,$16,$19,$-107,$-107,$0,$-4,$-92,$-16,$0,$0
5,2017-06-30,57.3,$43.67,1.31,$154.90,0.37,$12.76,4.49,$2.09,27.42,$2.31B,$0.96B,2.39,$1.34B,$2.10B,0.64,$7.33B,$1.43B,19.51%,$7.33B,$0.33B,4.43%,$7.33B,$0.33B,4.43%,$7.33B,$0.40B,5.39%,$7.33B,$0.13B,1.76%,$7.33B,$0.10B,1.40%,$0.10B,$2.10B,5.08%,$0.10B,$-0.03B,-105.37%,$0.10B,$4.62B,2.27%,$0.33B,$3.43B,10.73%,$1910,$1544,$366,$0,$268,$1827,$83,$-16,$66,$17,$50,$50,$50,$98,$83,$48,49,$1.03,$1.02,$88,$866,$0,$2306,$155,$0,$2122,$41,$2318,$4624,$964,$1335,$64,$1564,$2529,$1,$2045,$-342,$2095,$4624,$87,$32,$6,$38,$-3,$-37,$0,$-17,$-67,$67,$-10,$0,$0,$0,$0,$0,$3,$-6,$-30,$1,$-29,$-57,$-57,$0,$-1,$-87,$-22,$0,$0
6,2017-03-31,69.55,$42.18,1.65,$155.06,0.45,$14.29,4.87,$2.09,33.28,$2.20B,$0.92B,2.4,$1.31B,$2.06B,0.64,$7.33B,$1.44B,19.68%,$7.33B,$0.33B,4.50%,$7.33B,$0.33B,4.50%,$7.33B,$0.40B,5.48%,$7.33B,$0.13B,1.80%,$7.33B,$0.10B,1.40%,$0.10B,$2.06B,5.18%,$0.10B,$-0.05B,-70.79%,$0.10B,$4.51B,2.26%,$0.33B,$3.37B,11.01%,$1773,$1423,$350,$0,$267,$1706,$67,$-16,$50,$13,$38,$38,$38,$83,$67,$49,49,$0.77,$0.76,$103,$850,$0,$2203,$157,$0,$2111,$40,$2308,$4511,$920,$1310,$63,$1534,$2454,$1,$1995,$-376,$2057,$4511,$38,$16,$2,$18,$-4,$-26,$26,$13,$-13,$48,$-4,$0,$0,$0,$0,$0,$0,$-4,$-54,$10,$-44,$-7,$-7,$0,$-0,$-51,$-7,$0,$0
7,2016-12-31,66.55,$40.39,1.65,$157.12,0.42,$15.02,4.43,$2.10,31.69,$2.10B,$0.87B,2.41,$1.36B,$1.96B,0.69,$7.34B,$1.45B,19.74%,$7.34B,$0.33B,4.54%,$7.34B,$0.33B,4.54%,$7.34B,$0.41B,5.52%,$7.34B,$0.13B,1.81%,$7.34B,$0.10B,1.38%,$0.10B,$1.96B,5.18%,$0.10B,$-0.16B,-49.27%,$0.10B,$4.43B,2.19%,$0.33B,$3.33B,11.19%,$1793,$1445,$349,$0,$250,$1711,$82,$-18,$65,$17,$48,$48,$47,$105,$82,$44,48,$1.00,$1.04,$110,$821,$0,$2103,$158,$0,$2124,$31,$2329,$4432,$874,$1363,$63,$1594,$2468,$1,$1915,$-392,$1964,$4432,$101,$74,$87,$160,$55,$-2,$-41,$29,$40,$300,$-10,$0,$-51,$0,$0,$0,$-10,$-70,$-241,$-20,$-261,$-5,$-5,$0,$-11,$-276,$-50,$12,$0
8,2016-09-30,61.49,$41.01,1.5,$156.97,0.39,$14.26,4.31,$2.17,28.34,$2.24B,$0.96B,2.34,$0.00B,$1.99B,0.0,$7.41B,$1.46B,19.76%,$7.41B,$0.34B,4.60%,$7.41B,$0.34B,4.60%,$7.41B,$0.42B,5.66%,$7.41B,$0.15B,2.00%,$7.41B,$0.10B,1.38%,$0.10B,$1.99B,5.37%,$0.10B,$-0.15B,-42.06%,$0.10B,$4.61B,2.20%,$0.34B,$1.99B,11.57%,$1855,$1490,$365,$0,$256,$1763,$93,$-145,$-52,$-21,$-31,$-31,$-32,$109,$93,$43,43,$-0.73,$-0.73,$113,$833,$0,$2244,$161,$0,$2143,$62,$2366,$4609,$960,$0,$57,$1657,$2617,$1,$1909,$-357,$1993,$4609,$53,$50,$102,$152,$12,$-8,$-30,$28,$0,$217,$-13,$0,$-51,$0,$0,$0,$-4,$-68,$-184,$-7,$-191,$-4,$-4,$0,$-3,$-198,$-47,$0,$0
9,2016-06-30,51.49,$45.99,1.12,$152.90,0.34,$12.77,4.03,$4.10,12.56,$2.31B,$0.97B,2.38,$1.36B,$1.94B,0.7,$7.47B,$1.48B,19.79%,$7.47B,$0.35B,4.74%,$7.47B,$0.35B,4.74%,$7.47B,$0.43B,5.79%,$7.47B,$0.29B,3.83%,$7.47B,$0.20B,2.65%,$0.20B,$1.94B,10.75%,$0.20B,$-0.22B,-71.03%,$0.20B,$4.69B,4.26%,$0.35B,$3.30B,10.88%,$1912,$1532,$379,$0,$275,$1824,$88,$-19,$69,$19,$50,$50,$50,$105,$88,$42,49,$1.18,$1.02,$160,$831,$0,$2307,$164,$0,$2160,$62,$2386,$4693,$971,$1361,$57,$1779,$2750,$1,$1941,$-343,$1943,$4693,$84,$33,$13,$47,$12,$-4,$-19,$11,$-3,$139,$-7,$0,$-51,$0,$0,$0,$-8,$-66,$-76,$7,$-69,$-1,$-1,$0,$-6,$-76,$0,$0,$0
10,2016-03-31,54.67,$44.83,1.22,$150.52,0.36,$12.38,4.42,$4.08,13.4,$2.27B,$0.98B,2.31,$1.39B,$1.89B,0.74,$7.48B,$1.48B,19.82%,$7.48B,$0.36B,4.76%,$7.48B,$0.36B,4.76%,$7.48B,$0.43B,5.80%,$7.48B,$0.29B,3.86%,$7.48B,$0.20B,2.67%,$0.20B,$1.89B,10.97%,$0.20B,$-0.29B,-68.97%,$0.20B,$4.69B,4.29%,$0.36B,$3.29B,10.94%,$1776,$1421,$355,$0,$269,$1706,$70,$-19,$51,$16,$35,$35,$36,$86,$70,$42,47,$0.85,$0.77,$148,$844,$0,$2274,$168,$0,$2184,$64,$2416,$4691,$983,$1391,$54,$1814,$2797,$1,$1891,$-341,$1893,$4691,$35,$16,$6,$23,$36,$-18,$3,$10,$16,$79,$-4,$0,$-50,$0,$0,$0,$-8,$-62,$-50,$16,$-34,$-1,$-1,$0,$-0,$-35,$-12,$0,$0
11,2015-12-31,43.68,$42.06,1.04,$147.38,0.3,$12.40,3.52,$4.21,10.38,$2.26B,$0.95B,2.38,$1.44B,$1.77B,0.81,$7.52B,$1.50B,19.88%,$7.52B,$0.37B,4.96%,$7.52B,$0.37B,4.96%,$7.52B,$0.45B,6.00%,$7.52B,$0.30B,4.04%,$7.52B,$0.21B,2.81%,$0.21B,$1.77B,11.66%,$0.21B,$-0.31B,-76.31%,$0.21B,$4.57B,4.55%,$0.37B,$3.21B,11.56%,$1862,$1498,$364,$0,$257,$1772,$90,$-10,$80,$31,$49,$49,$48,$119,$90,$43,50,$1.14,$1.00,$160,$810,$0,$2258,$167,$0,$2085,$42,$2312,$4570,$948,$1439,$44,$1848,$2796,$1,$1854,$-423,$1774,$4570,$208,$77,$56,$133,$97,$2,$-56,$-75,$-47,$283,$-19,$0,$-152,$0,$0,$0,$0,$-170,$93,$1,$93,$-156,$-156,$0,$-5,$-68,$32,$13,$0
12,2015-09-30,46.47,$41.74,1.11,$147.89,0.31,$11.77,3.95,$4.58,10.15,$2.37B,$1.02B,2.33,$1.46B,$1.76B,0.83,$7.65B,$1.53B,20.03%,$7.65B,$0.41B,5.32%,$7.65B,$0.41B,5.32%,$7.65B,$0.48B,6.30%,$7.65B,$0.33B,4.29%,$7.65B,$0.24B,3.10%,$0.24B,$1.76B,12.83%,$0.24B,$-0.30B,-91.86%,$0.24B,$4.64B,5.06%,$0.41B,$3.22B,12.54%,$1924,$1543,$381,$0,$258,$1818,$106,$-20,$86,$24,$62,$62,$64,$123,$106,$43,50,$1.47,$1.28,$133,$845,$0,$2366,$172,$0,$2055,$49,$2276,$4643,$1017,$1455,$50,$1866,$2883,$1,$1806,$-386,$1760,$4643,$160,$48,$26,$75,$15,$-39,$30,$-62,$-76,$176,$-16,$0,$-69,$0,$0,$0,$2,$-83,$92,$2,$94,$-156,$-156,$0,$-11,$-73,$5,$0,$0
13,2015-06-30,68.64,$42.82,1.6,$148.23,0.46,$10.88,6.31,$4.82,14.24,$2.37B,$1.01B,2.34,$1.44B,$1.87B,0.77,$7.81B,$1.57B,20.16%,$7.81B,$0.43B,5.56%,$7.81B,$0.43B,5.56%,$7.81B,$0.51B,6.53%,$7.81B,$0.35B,4.53%,$7.81B,$0.25B,3.25%,$0.25B,$1.87B,13.47%,$0.25B,$-0.26B,-97.69%,$0.25B,$4.73B,5.35%,$0.43B,$3.30B,13.20%,$1917,$1535,$382,$0,$275,$1826,$90,$-19,$72,$21,$51,$51,$52,$106,$90,$44,52,$1.18,$1.00,$174,$847,$0,$2368,$180,$0,$2128,$50,$2358,$4726,$1012,$1437,$52,$1849,$2860,$1,$1743,$-290,$1866,$4726,$97,$32,$17,$49,$73,$-27,$1,$-47,$-26,$133,$-13,$0,$-69,$0,$0,$0,$1,$-80,$73,$5,$78,$-81,$-81,$0,$1,$-2,$46,$0,$0
14,2015-03-31,69.89,$41.50,1.68,$148.79,0.47,$9.30,7.52,$5.11,13.68,$2.31B,$1.04B,2.23,$1.34B,$1.84B,0.73,$7.89B,$1.60B,20.32%,$7.89B,$0.46B,5.83%,$7.89B,$0.46B,5.83%,$7.89B,$0.54B,6.80%,$7.89B,$0.38B,4.78%,$7.89B,$0.27B,3.43%,$0.27B,$1.84B,14.33%,$0.27B,$-0.24B,-93.93%,$0.27B,$4.61B,5.65%,$0.46B,$3.17B,13.88%,$1816,$1449,$368,$0,$265,$1729,$87,$-21,$66,$19,$47,$47,$47,$103,$87,$44,52,$1.06,$0.90,$154,$814,$0,$2313,$174,$0,$2074,$51,$2299,$4612,$1039,$1337,$49,$1736,$2775,$1,$1691,$-316,$1837,$4612,$47,$16,$8,$24,$22,$-13,$21,$9,$12,$90,$-5,$0,$0,$0,$0,$0,$1,$-4,$-24,$-1,$-26,$-28,$-28,$0,$-0,$-54,$26,$0,$0
15,2014-12-31,76.21,$43.34,1.76,$147.92,0.52,$8.45,9.02,$5.18,14.71,$2.35B,$1.06B,2.21,$1.37B,$1.93B,0.71,$7.89B,$1.61B,20.42%,$7.89B,$0.47B,5.91%,$7.89B,$0.47B,5.91%,$7.89B,$0.54B,6.88%,$7.89B,$0.38B,4.85%,$7.89B,$0.28B,3.50%,$0.28B,$1.93B,14.72%,$0.28B,$-0.24B,-82.08%,$0.28B,$4.75B,5.72%,$0.47B,$3.30B,14.00%,$1995,$1593,$402,$0,$261,$1871,$124,$-20,$104,$30,$74,$74,$74,$150,$124,$44,53,$1.67,$1.40,$128,$820,$0,$2350,$183,$0,$2165,$34,$2404,$4754,$1064,$1366,$49,$1762,$2826,$1,$1644,$-202,$1928,$4754,$275,$77,$7,$84,$-101,$-37,$38,$-16,$-108,$251,$-6,$0,$-139,$0,$0,$0,$0,$-144,$-76,$13,$-62,$-6,$-6,$0,$-27,$-95,$5,$15,$0
16,2014-09-30,78.26,$47.55,1.65,$146.16,0.54,$9.50,8.24,$4.87,16.07,$2.45B,$1.13B,2.18,$1.47B,$1.91B,0.77,$7.77B,$1.59B,20.39%,$7.77B,$0.45B,5.83%,$7.77B,$0.45B,5.83%,$7.77B,$0.53B,6.82%,$7.77B,$0.36B,4.58%,$7.77B,$0.26B,3.34%,$0.26B,$1.91B,14.17%,$0.26B,$-0.30B,-68.56%,$0.26B,$4.91B,5.42%,$0.45B,$3.38B,13.69%,$2078,$1656,$422,$0,$272,$1945,$133,$-21,$112,$32,$81,$81,$81,$151,$133,$44,53,$1.82,$1.52,$110,$846,$0,$2450,$191,$0,$2212,$52,$2455,$4905,$1127,$1472,$49,$1870,$2997,$1,$1570,$-144,$1909,$4905,$201,$51,$18,$69,$-177,$-54,$107,$-19,$-135,$140,$-16,$0,$-139,$0,$0,$0,$5,$-149,$27,$8,$34,$-7,$-7,$0,$-32,$-4,$-13,$0,$0
17,2014-06-30,86.38,$47.08,1.83,$143.89,0.6,$10.20,8.47,$4.67,18.5,$2.41B,$1.11B,2.16,$1.52B,$1.89B,0.81,$7.63B,$1.56B,20.44%,$7.63B,$0.44B,5.82%,$7.63B,$0.44B,5.82%,$7.63B,$0.52B,6.80%,$7.63B,$0.34B,4.51%,$7.63B,$0.25B,3.25%,$0.25B,$1.89B,13.84%,$0.25B,$-0.38B,-58.49%,$0.25B,$4.93B,5.23%,$0.44B,$3.41B,13.53%,$2005,$1593,$412,$0,$279,$1889,$116,$-20,$95,$27,$69,$69,$69,$133,$116,$44,53,$1.55,$1.29,$102,$850,$0,$2409,$200,$0,$2267,$54,$2521,$4929,$1114,$1521,$44,$1925,$3040,$1,$1489,$-80,$1890,$4929,$121,$34,$14,$47,$-109,$-45,$47,$-10,$-123,$51,$-12,$0,$-133,$0,$0,$0,$0,$-145,$70,$7,$77,$-6,$-6,$0,$5,$75,$-22,$0,$0
18,2014-03-31,83.22,$39.92,2.08,$142.56,0.58,$11.54,7.21,$4.63,17.97,$2.26B,$1.09B,2.08,$1.46B,$1.77B,0.82,$7.52B,$1.54B,20.49%,$7.52B,$0.44B,5.83%,$7.52B,$0.44B,5.83%,$7.52B,$0.51B,6.83%,$7.52B,$0.34B,4.48%,$7.52B,$0.24B,3.25%,$0.24B,$1.77B,14.10%,$0.24B,$-0.43B,-51.94%,$0.24B,$4.71B,5.23%,$0.44B,$3.23B,13.55%,$1811,$1436,$375,$0,$265,$1718,$93,$-21,$72,$20,$52,$52,$52,$109,$93,$44,53,$1.17,$0.97,$96,$811,$0,$2260,$195,$0,$2201,$55,$2451,$4711,$1086,$1458,$43,$1851,$2938,$1,$1420,$-123,$1774,$4711,$52,$16,$8,$24,$-32,$-17,$44,$-9,$-32,$47,$-5,$0,$-91,$0,$0,$0,$0,$-96,$15,$5,$20,$-5,$-5,$0,$9,$24,$-27,$0,$0
19,2013-12-31,91.07,$39.87,2.28,$143.13,0.64,$12.17,7.48,$5.26,17.31,$2.21B,$1.05B,2.1,$1.45B,$1.77B,0.82,$7.51B,$1.55B,20.58%,$7.51B,$0.48B,6.42%,$7.51B,$0.48B,6.42%,$7.51B,$0.56B,7.43%,$7.51B,$0.38B,5.06%,$7.51B,$0.28B,3.67%,$0.28B,$1.77B,16.32%,$0.28B,$-0.41B,-53.13%,$0.28B,$4.65B,5.92%,$0.48B,$3.21B,14.88%,$1880,$1504,$376,$0,$249,$1770,$111,$-34,$77,$19,$58,$58,$58,$137,$111,$44,53,$1.30,$1.08,$124,$787,$0,$2206,$199,$0,$2174,$45,$2443,$4649,$1052,$1448,$43,$1832,$2884,$1,$1368,$-77,$1765,$4649,$277,$77,$45,$122,$-73,$-9,$38,$-19,$-83,$315,$-17,$0,$0,$0,$0,$0,$-1,$-18,$-254,$13,$-241,$-8,$-8,$0,$-9,$-258,$38,$16,$0
20,2013-09-30,76.53,$39.33,1.95,$139.58,0.55,$11.73,6.53,$5.12,14.95,$2.22B,$1.04B,2.14,$1.54B,$1.74B,0.88,$7.28B,$1.51B,20.71%,$7.28B,$0.42B,5.79%,$7.28B,$0.42B,5.79%,$7.28B,$0.49B,6.69%,$7.28B,$0.34B,4.60%,$7.28B,$0.25B,3.37%,$0.25B,$1.74B,14.96%,$0.25B,$-0.48B,-41.00%,$0.25B,$4.68B,5.26%,$0.42B,$3.27B,12.96%,$1931,$1536,$396,$0,$255,$1808,$124,$-24,$100,$31,$69,$69,$69,$140,$124,$44,53,$1.57,$1.32,$99,$796,$0,$2219,$202,$0,$2220,$39,$2461,$4679,$1037,$1535,$52,$1904,$2941,$1,$1310,$-44,$1738,$4679,$219,$51,$36,$87,$-124,$-12,$50,$-56,$-141,$180,$-20,$0,$0,$0,$0,$0,$9,$-11,$-156,$9,$-147,$0,$0,$0,$-8,$-155,$12,$0,$0
21,2013-06-30,67.96,$37.23,1.83,$135.45,0.5,$12.05,5.64,$5.05,13.46,$2.20B,$1.04B,2.11,$1.57B,$1.64B,0.96,$7.00B,$1.45B,20.71%,$7.00B,$0.40B,5.71%,$7.00B,$0.40B,5.71%,$7.00B,$0.46B,6.57%,$7.00B,$0.33B,4.64%,$7.00B,$0.24B,3.41%,$0.24B,$1.64B,15.03%,$0.24B,$-0.56B,-56.40%,$0.24B,$4.64B,5.51%,$0.40B,$3.22B,13.38%,$1894,$1501,$393,$0,$266,$1784,$110,$-22,$88,$23,$65,$65,$65,$127,$110,$44,52,$1.48,$1.25,$105,$809,$0,$2195,$199,$0,$2203,$39,$2441,$4636,$1041,$1572,$70,$1952,$2993,$1,$1242,$-69,$1643,$4636,$149,$34,$27,$61,$-105,$-28,$53,$-19,$-98,$120,$-12,$0,$0,$0,$0,$0,$10,$-2,$-115,$11,$-104,$0,$0,$0,$6,$-98,$18,$0,$0
22,2013-03-31,72.61,$36.70,1.98,$132.02,0.55,$12.00,6.05,$4.95,14.67,$2.18B,$1.04B,2.1,$1.64B,$1.62B,1.01,$6.78B,$1.39B,20.54%,$6.78B,$0.39B,5.69%,$6.78B,$0.39B,5.69%,$6.78B,$0.44B,6.44%,$6.78B,$0.32B,4.75%,$6.78B,$0.23B,3.44%,$0.23B,$1.62B,15.07%,$0.23B,$-0.63B,-111.08%,$0.23B,$4.67B,5.86%,$0.39B,$3.25B,14.33%,$1808,$1427,$381,$0,$227,$1671,$137,$-22,$115,$31,$84,$84,$84,$154,$137,$44,52,$1.91,$1.60,$117,$792,$0,$2177,$207,$0,$2245,$41,$2493,$4669,$1039,$1635,$73,$2013,$3052,$1,$1177,$-25,$1617,$4669,$84,$17,$20,$37,$-74,$-2,$42,$14,$-43,$80,$-6,$0,$0,$0,$0,$0,$5,$-1,$-57,$6,$-52,$0,$0,$0,$2,$-49,$31,$0,$0
23,2012-12-31,67.43,$35.26,1.91,$128.84,0.52,$11.63,5.8,$4.38,15.39,$2.10B,$1.01B,2.09,$1.70B,$1.55B,1.09,$6.58B,$1.33B,20.25%,$6.58B,$0.33B,5.06%,$6.58B,$0.33B,5.06%,$6.58B,$0.38B,5.70%,$6.58B,$0.28B,4.29%,$6.58B,$0.20B,3.07%,$0.20B,$1.55B,13.52%,$0.20B,$-0.72B,3672.73%,$0.20B,$4.63B,5.62%,$0.33B,$3.25B,13.97%,$1644,$1307,$337,$0,$276,$1594,$50,$-18,$32,$6,$26,$26,$27,$66,$50,$44,51,$0.60,$0.52,$86,$794,$0,$2102,$211,$0,$2275,$41,$2528,$4630,$1008,$1695,$72,$2068,$3076,$1,$1093,$-1,$1554,$4630,$202,$42,$20,$62,$36,$-29,$-24,$44,$24,$288,$-22,$0,$-1289,$0,$0,$0,$0,$-1311,$1053,$6,$1060,$-9,$-9,$0,$-6,$1044,$22,$15,$0
24,2012-09-30,57.2,$35.33,1.62,$128.72,0.44,$9.12,6.27,$4.55,12.57,$1.91B,$0.91B,2.09,$0.70B,$1.55B,0.45,$6.53B,$1.32B,20.28%,$6.53B,$0.37B,5.73%,$6.53B,$0.37B,5.73%,$6.53B,$0.41B,6.28%,$6.53B,$0.33B,5.06%,$6.53B,$0.23B,3.52%,$0.23B,$1.55B,15.94%,$0.23B,$0.21B,99.57%,$0.23B,$3.42B,7.17%,$0.37B,$2.24B,18.08%,$1656,$1317,$339,$0,$226,$1553,$103,$-13,$90,$27,$63,$63,$63,$113,$103,$44,51,$1.45,$1.25,$108,$663,$0,$1906,$141,$0,$1332,$24,$1514,$3420,$910,$697,$24,$965,$1875,$1,$1066,$24,$1545,$3420,$175,$26,$34,$60,$-64,$-16,$39,$12,$-41,$190,$-19,$0,$-201,$0,$0,$0,$0,$-221,$49,$29,$79,$0,$0,$0,$-4,$74,$44,$12,$0
25,2012-06-30,57.55,$33.66,1.71,$128.70,0.45,$6.76,8.51,$4.41,13.05,$1.84B,$0.90B,2.05,$0.56B,$1.47B,0.38,$6.45B,$1.30B,20.16%,$6.45B,$0.36B,5.63%,$6.45B,$0.36B,5.63%,$6.45B,$0.40B,6.20%,$6.45B,$0.32B,4.92%,$6.45B,$0.22B,3.43%,$0.22B,$1.47B,16.05%,$0.22B,$0.30B,103.15%,$0.22B,$3.19B,7.08%,$0.36B,$2.03B,18.05%,$1673,$1337,$336,$0,$231,$1577,$96,$-11,$85,$26,$59,$59,$59,$104,$96,$44,51,$1.35,$1.15,$72,$652,$0,$1836,$137,$0,$1172,$23,$1351,$3187,$895,$563,$25,$824,$1718,$1,$1004,$14,$1468,$3187,$112,$17,$22,$39,$-59,$-17,$61,$5,$-32,$115,$-12,$0,$-22,$0,$0,$0,$0,$-34,$-83,$13,$-70,$0,$0,$0,$-3,$-73,$8,$9,$0
26,2012-03-31,65.31,$32.42,2.01,$126.25,0.52,$4.88,13.39,$4.26,15.33,$1.79B,$0.88B,2.04,$0.60B,$1.41B,0.43,$6.30B,$1.27B,20.17%,$6.30B,$0.35B,5.59%,$6.30B,$0.35B,5.59%,$6.30B,$0.39B,6.19%,$6.30B,$0.30B,4.81%,$6.30B,$0.21B,3.36%,$0.21B,$1.41B,16.02%,$0.21B,$0.23B,126.95%,$0.21B,$3.15B,6.88%,$0.35B,$2.02B,17.56%,$1606,$1286,$320,$0,$228,$1522,$84,$-9,$75,$22,$53,$53,$53,$92,$84,$43,51,$1.22,$1.03,$64,$635,$0,$1794,$134,$0,$1177,$24,$1353,$3147,$878,$603,$24,$858,$1736,$1,$945,$19,$1411,$3147,$53,$8,$7,$15,$-38,$2,$50,$2,$-10,$58,$-5,$0,$-22,$0,$0,$0,$0,$-26,$-32,$0,$-32,$0,$0,$0,$-3,$-35,$-0,$0,$0
27,2011-12-31,53.01,$30.99,1.71,$123.31,0.43,$4.35,12.19,$3.97,13.35,$1.74B,$0.85B,2.05,$0.64B,$1.35B,0.48,$6.13B,$1.24B,20.19%,$6.13B,$0.33B,5.44%,$6.13B,$0.33B,5.44%,$6.13B,$0.37B,6.07%,$6.13B,$0.28B,4.57%,$6.13B,$0.20B,3.20%,$0.20B,$1.35B,15.43%,$0.20B,$0.18B,161.98%,$0.20B,$3.08B,6.47%,$0.33B,$1.99B,16.84%,$1590,$1261,$328,$0,$228,$1498,$91,$-12,$80,$25,$55,$55,$55,$101,$91,$43,50,$1.27,$1.11,$64,$627,$0,$1737,$134,$0,$1165,$24,$1341,$3078,$846,$643,$21,$887,$1733,$1,$892,$10,$1346,$3078,$196,$39,$27,$65,$-143,$-34,$102,$-28,$-94,$168,$-33,$0,$-48,$0,$0,$0,$0,$-81,$-84,$20,$-64,$-7,$-7,$0,$1,$-71,$10,$15,$0
28,2011-09-30,33.55,$29.65,1.13,$120.16,0.28,$4.10,8.19,$3.57,9.4,$1.76B,$0.82B,2.14,$0.73B,$1.28B,0.57,$5.87B,$1.18B,20.09%,$5.87B,$0.30B,5.15%,$5.87B,$0.30B,5.15%,$5.87B,$0.34B,5.76%,$5.87B,$0.24B,4.16%,$5.87B,$0.18B,3.00%,$0.18B,$1.28B,14.41%,$0.18B,$0.15B,230.07%,$0.18B,$3.07B,5.93%,$0.30B,$2.01B,15.50%,$1580,$1265,$316,$0,$216,$1489,$92,$-15,$77,$23,$54,$54,$54,$103,$92,$43,48,$1.24,$1.11,$94,$631,$0,$1762,$129,$0,$1137,$13,$1306,$3067,$823,$726,$20,$961,$1784,$1,$837,$6,$1284,$3067,$141,$29,$18,$47,$-155,$-44,$111,$-25,$-116,$72,$-24,$0,$-8,$0,$0,$0,$0,$-32,$-1,$13,$12,$-6,$-6,$0,$-1,$5,$40,$12,$0
29,2011-06-30,54.09,$26.32,2.06,$116.65,0.46,$4.56,11.85,$3.20,16.9,$1.71B,$0.78B,2.2,$0.75B,$1.25B,0.6,$5.61B,$1.12B,19.97%,$5.61B,$0.27B,4.83%,$5.61B,$0.27B,4.83%,$5.61B,$0.30B,5.42%,$5.61B,$0.21B,3.81%,$5.61B,$0.16B,2.78%,$0.16B,$1.25B,13.29%,$0.16B,$0.11B,205.94%,$0.16B,$3.03B,5.45%,$0.27B,$2.01B,14.72%,$1525,$1218,$307,$0,$214,$1440,$85,$-14,$71,$21,$50,$50,$50,$94,$85,$43,50,$1.16,$1.00,$79,$634,$0,$1705,$126,$0,$1146,$12,$1321,$3026,$777,$754,$22,$996,$1773,$1,$783,$32,$1253,$3026,$88,$18,$18,$36,$-106,$-41,$81,$-17,$-101,$23,$-16,$0,$-8,$0,$0,$0,$0,$-24,$27,$0,$27,$-6,$-6,$0,$3,$25,$25,$10,$0
30,2011-03-31,62.5,$25.27,2.47,$113.70,0.55,$5.80,10.78,$2.80,22.32,$1.63B,$0.81B,2.03,$0.70B,$1.20B,0.59,$5.35B,$1.06B,19.77%,$5.35B,$0.24B,4.43%,$5.35B,$0.24B,4.43%,$5.35B,$0.27B,5.03%,$5.35B,$0.18B,3.40%,$5.35B,$0.13B,2.51%,$0.13B,$1.20B,11.93%,$0.13B,$0.05B,182.94%,$0.13B,$2.95B,4.90%,$0.24B,$1.90B,13.76%,$1431,$1145,$286,$0,$214,$1367,$65,$-13,$52,$15,$37,$37,$37,$74,$65,$43,50,$0.87,$0.74,$52,$631,$0,$1634,$120,$0,$1149,$13,$1319,$2953,$807,$703,$31,$947,$1753,$1,$735,$31,$1199,$2953,$37,$9,$4,$13,$-70,$-39,$107,$-1,$-18,$32,$-6,$0,$-8,$0,$0,$0,$0,$-13,$-22,$2,$-21,$-1,$-1,$0,$1,$-21,$-1,$5,$0
31,2010-12-31,52.8,$26.71,1.98,$111.63,0.47,$6.80,7.77,$2.56,20.63,$1.51B,$0.71B,2.14,$0.73B,$1.15B,0.63,$5.07B,$1.00B,19.70%,$5.07B,$0.21B,4.15%,$5.07B,$0.21B,4.15%,$5.07B,$0.24B,4.76%,$5.07B,$0.16B,3.10%,$5.07B,$0.12B,2.29%,$0.12B,$1.15B,10.74%,$0.12B,$0.00B,142.77%,$0.12B,$2.83B,4.40%,$0.21B,$1.87B,12.81%,$1332,$1061,$270,$0,$204,$1272,$60,$-16,$44,$9,$35,$35,$35,$67,$60,$42,46,$0.83,$0.72,$54,$589,$0,$1514,$118,$0,$1146,$13,$1313,$2827,$708,$726,$33,$970,$1678,$1,$698,$23,$1149,$2827,$115,$31,$40,$70,$-118,$-34,$54,$5,$-59,$127,$-14,$0,$-225,$0,$0,$0,$19,$-221,$33,$-5,$29,$1,$1,$0,$1,$31,$-59,$16,$0
32,2010-09-30,39.29,$25.77,1.52,$109.30,0.36,$10.88,3.61,$2.35,16.72,$1.52B,$0.84B,1.82,$0.48B,$1.10B,0.44,$4.87B,$0.95B,19.42%,$4.87B,$0.19B,3.97%,$4.87B,$0.19B,3.97%,$4.87B,$0.23B,4.62%,$4.87B,$0.14B,2.94%,$4.87B,$0.10B,2.12%,$0.10B,$1.10B,9.88%,$0.10B,$0.14B,110.16%,$0.10B,$2.64B,4.04%,$0.19B,$1.58B,12.30%,$1325,$1067,$258,$0,$191,$1263,$61,$-14,$47,$14,$34,$34,$34,$69,$61,$42,46,$0.79,$0.74,$103,$552,$0,$1518,$114,$0,$952,$13,$1117,$2635,$835,$484,$31,$705,$1540,$1,$663,$17,$1095,$2635,$81,$23,$8,$31,$-150,$-41,$118,$15,$-36,$75,$-9,$0,$26,$0,$0,$0,$19,$36,$-116,$-7,$-122,$0,$0,$0,$-1,$-123,$-9,$11,$0
33,2010-06-30,33.67,$24.75,1.36,$107.16,0.31,$15.98,2.11,$2.40,14.03,$1.42B,$0.78B,1.82,$0.48B,$1.05B,0.46,$4.69B,$0.91B,19.35%,$4.69B,$0.18B,3.79%,$4.69B,$0.18B,3.79%,$4.69B,$0.21B,4.52%,$4.69B,$0.14B,2.90%,$4.69B,$0.10B,2.19%,$0.10B,$1.05B,10.21%,$0.10B,$0.10B,167.48%,$0.10B,$2.53B,4.09%,$0.18B,$1.54B,11.20%,$1259,$1016,$243,$0,$186,$1208,$51,$-13,$39,$11,$28,$28,$28,$59,$51,$42,46,$0.65,$0.60,$96,$531,$0,$1416,$114,$0,$954,$12,$1117,$2533,$778,$484,$29,$703,$1481,$1,$629,$11,$1051,$2533,$47,$16,$4,$19,$-80,$-22,$86,$11,$2,$69,$-6,$0,$26,$0,$0,$0,$19,$39,$-115,$-10,$-124,$1,$1,$0,$0,$-124,$-17,$7,$0
34,2010-03-31,34.71,$24.19,1.43,$106.93,0.32,$19.26,1.8,$2.42,14.34,$1.39B,$0.75B,1.86,$0.54B,$1.03B,0.53,$4.59B,$0.89B,19.36%,$4.59B,$0.18B,3.81%,$4.59B,$0.18B,3.81%,$4.59B,$0.21B,4.62%,$4.59B,$0.13B,2.87%,$4.59B,$0.10B,2.20%,$0.10B,$1.03B,10.61%,$0.10B,$0.08B,1836.36%,$0.10B,$2.54B,4.02%,$0.18B,$1.57B,10.65%,$1149,$921,$227,$0,$183,$1110,$38,$-11,$27,$8,$19,$19,$19,$46,$38,$42,44,$0.45,$0.44,$121,$507,$0,$1391,$115,$40,$945,$13,$1148,$2539,$750,$541,$28,$762,$1512,$1,$601,$18,$1027,$2539,$19,$8,$4,$12,$-41,$2,$79,$2,$37,$69,$-2,$0,$-0,$0,$0,$0,$1,$-1,$-57,$-5,$-63,$0,$0,$0,$-0,$-62,$9,$4,$0
35,2009-12-31,27.01,$21.31,1.27,$108.33,0.25,$20.84,1.3,$2.47,10.94,$1.33B,$0.68B,1.96,$0.60B,$1.00B,0.6,$4.62B,$0.90B,19.46%,$4.62B,$0.18B,3.91%,$4.62B,$0.18B,3.91%,$4.62B,$0.22B,4.78%,$4.62B,$0.14B,2.98%,$4.62B,$0.11B,2.27%,$0.11B,$1.00B,11.81%,$0.11B,$0.05B,-179.49%,$0.11B,$2.49B,4.16%,$0.18B,$1.59B,11.07%,$1133,$916,$217,$0,$168,$1090,$43,$-13,$30,$8,$22,$22,$22,$51,$43,$42,43,$0.51,$0.50,$112,$507,$0,$1331,$116,$44,$945,$25,$1163,$2494,$681,$598,$28,$817,$1498,$1,$582,$11,$996,$2494,$105,$41,$-0,$41,$180,$108,$-114,$-8,$145,$292,$-13,$0,$-0,$0,$0,$0,$2,$-11,$-256,$2,$-254,$1,$1,$0,$-12,$-265,$26,$13,$0
36,2009-09-30,28.8,$22.74,1.27,$114.80,0.25,$20.04,1.44,$2.95,9.76,$1.36B,$0.61B,2.23,$0.70B,$0.96B,0.73,$4.92B,$0.97B,19.65%,$4.92B,$0.21B,4.29%,$4.92B,$0.21B,4.29%,$4.92B,$0.25B,5.16%,$4.92B,$0.17B,3.43%,$4.92B,$0.12B,2.50%,$0.12B,$0.96B,14.85%,$0.12B,$0.02B,-102.07%,$0.12B,$2.50B,4.77%,$0.21B,$1.66B,12.98%,$1152,$932,$221,$0,$168,$1106,$46,$-6,$40,$6,$34,$34,$34,$56,$46,$42,43,$0.80,$0.79,$111,$495,$0,$1358,$118,$45,$946,$14,$1141,$2499,$609,$701,$28,$928,$1537,$1,$560,$3,$961,$2499,$83,$33,$10,$44,$149,$117,$-70,$-11,$164,$291,$-10,$0,$-0,$0,$0,$0,$1,$-9,$-241,$-11,$-252,$0,$0,$0,$-13,$-265,$25,$10,$0
37,2009-06-30,25.04,$19.43,1.29,$125.63,0.2,$18.21,1.38,$3.69,6.79,$1.38B,$0.60B,2.3,$0.93B,$0.82B,1.13,$5.40B,$1.06B,19.68%,$5.40B,$0.26B,4.89%,$5.40B,$0.26B,4.89%,$5.40B,$0.31B,5.71%,$5.40B,$0.21B,3.97%,$5.40B,$0.15B,2.83%,$0.15B,$0.82B,19.93%,$0.15B,$-0.13B,-84.07%,$0.15B,$2.52B,5.70%,$0.26B,$1.75B,17.01%,$1159,$935,$224,$0,$170,$1112,$48,$-13,$35,$8,$26,$26,$26,$59,$48,$42,43,$0.63,$0.62,$103,$517,$0,$1380,$117,$45,$948,$12,$1140,$2520,$600,$930,$26,$1098,$1698,$1,$527,$-8,$822,$2520,$50,$23,$13,$36,$133,$92,$-73,$-9,$119,$205,$-6,$0,$-0,$0,$0,$0,$1,$-5,$-175,$-9,$-184,$0,$0,$0,$-2,$-186,$17,$6,$0
38,2009-03-31,18.12,$18.36,0.99,$134.91,0.13,$16.43,1.1,$4.45,4.07,$1.43B,$0.88B,1.63,$0.76B,$0.78B,0.98,$5.83B,$1.15B,19.70%,$5.83B,$0.31B,5.37%,$5.83B,$0.31B,5.37%,$5.83B,$0.36B,6.13%,$5.83B,$0.26B,4.50%,$5.83B,$0.19B,3.18%,$0.19B,$0.78B,25.37%,$0.19B,$-0.17B,-83.90%,$0.19B,$2.57B,6.66%,$0.31B,$1.53B,21.33%,$1180,$941,$238,$0,$187,$1136,$44,$-11,$33,$9,$23,$23,$23,$55,$44,$42,43,$0.55,$0.55,$105,$561,$0,$1433,$117,$46,$950,$12,$1140,$2573,$877,$757,$23,$920,$1797,$1,$500,$-24,$776,$2573,$23,$12,$7,$19,$114,$43,$-45,$-2,$93,$135,$-3,$0,$-0,$0,$0,$0,$0,$-3,$-49,$-62,$-111,$0,$0,$0,$0,$-110,$19,$3,$0
39,2008-12-31,19.23,$17.88,1.08,$140.47,0.14,$15.16,1.27,$4.92,3.91,$1.56B,$1.01B,1.55,$0.80B,$0.76B,1.06,$6.11B,$1.21B,19.73%,$6.11B,$0.35B,5.66%,$6.11B,$0.35B,5.66%,$6.11B,$0.39B,6.38%,$6.11B,$0.29B,4.76%,$6.11B,$0.21B,3.35%,$0.21B,$0.76B,29.60%,$0.21B,$-0.20B,-79.69%,$0.21B,$2.72B,7.24%,$0.35B,$1.56B,24.23%,$1430,$1145,$284,$0,$205,$1357,$73,$-13,$61,$21,$40,$40,$40,$84,$73,$42,43,$0.95,$0.93,$86,$606,$0,$1558,$119,$46,$951,$28,$1162,$2720,$1006,$801,$21,$959,$1965,$1,$477,$-18,$755,$2720,$204,$45,$-0,$44,$28,$27,$-31,$8,$32,$280,$-31,$0,$48,$0,$0,$0,$0,$16,$7,$-214,$-207,$-68,$-68,$0,$10,$-265,$14,$13,$0
40,2008-09-30,32.18,$17.07,1.88,$138.32,0.23,$14.54,2.21,$5.27,6.11,$1.77B,$1.41B,1.25,$0.65B,$0.72B,0.91,$6.17B,$1.22B,19.84%,$6.17B,$0.37B,6.03%,$6.17B,$0.37B,6.03%,$6.17B,$0.43B,6.95%,$6.17B,$0.30B,4.85%,$6.17B,$0.22B,3.53%,$0.22B,$0.72B,33.24%,$0.22B,$-0.23B,-67.97%,$0.22B,$2.92B,7.60%,$0.37B,$1.37B,26.69%,$1628,$1312,$316,$0,$211,$1530,$99,$-13,$85,$21,$64,$64,$64,$110,$99,$42,43,$1.51,$1.48,$103,$655,$0,$1766,$116,$47,$948,$30,$1155,$2921,$1411,$650,$29,$793,$2204,$1,$456,$14,$717,$2921,$164,$34,$-6,$27,$-99,$-14,$130,$22,$35,$227,$-23,$0,$57,$0,$0,$0,$0,$34,$-161,$-5,$-166,$-69,$-69,$0,$9,$-226,$31,$10,$0
41,2008-06-30,40.04,$15.80,2.53,$133.70,0.3,$14.02,2.86,$5.24,7.64,$1.74B,$1.34B,1.3,$0.74B,$0.67B,1.11,$6.09B,$1.22B,20.06%,$6.09B,$0.38B,6.27%,$6.09B,$0.38B,6.27%,$6.09B,$0.44B,7.19%,$6.09B,$0.31B,5.03%,$6.09B,$0.23B,3.71%,$0.23B,$0.67B,36.48%,$0.23B,$-0.28B,-59.32%,$0.23B,$2.90B,7.91%,$0.38B,$1.41B,27.37%,$1588,$1277,$310,$0,$207,$1491,$97,$-13,$83,$25,$58,$58,$58,$108,$97,$43,44,$1.36,$1.33,$116,$646,$0,$1743,$113,$48,$950,$31,$1156,$2899,$1344,$743,$30,$886,$2230,$1,$390,$21,$669,$2899,$101,$23,$-12,$10,$-70,$-4,$97,$18,$30,$141,$-16,$0,$57,$0,$0,$0,$0,$41,$-92,$1,$-91,$-55,$-55,$0,$9,$-137,$43,$6,$0
42,2008-03-31,36.49,$14.72,2.48,$128.44,0.28,$13.65,2.67,$5.03,7.25,$1.64B,$1.28B,1.28,$0.75B,$0.63B,1.19,$6.02B,$1.22B,20.26%,$6.02B,$0.39B,6.46%,$6.02B,$0.39B,6.46%,$6.02B,$0.44B,7.38%,$6.02B,$0.31B,5.15%,$6.02B,$0.23B,3.79%,$0.23B,$0.63B,38.51%,$0.23B,$-0.32B,-52.72%,$0.23B,$2.79B,8.02%,$0.39B,$1.38B,27.95%,$1465,$1170,$296,$0,$212,$1388,$77,$-15,$62,$19,$43,$43,$43,$88,$77,$43,44,$1.00,$0.97,$94,$615,$0,$1637,$111,$47,$950,$31,$1153,$2790,$1275,$748,$30,$887,$2162,$1,$330,$19,$629,$2790,$43,$11,$1,$12,$-17,$27,$23,$18,$37,$92,$-11,$0,$60,$0,$0,$0,$0,$49,$-83,$-12,$-95,$-23,$-23,$0,$2,$-116,$22,$3,$0
43,2007-12-31,39.64,$14.10,2.81,$123.06,0.32,$13.23,3.0,$4.94,8.02,$1.68B,$1.29B,1.3,$0.81B,$0.61B,1.33,$6.00B,$1.22B,20.35%,$6.00B,$0.40B,6.58%,$6.00B,$0.40B,6.58%,$6.00B,$0.45B,7.46%,$6.00B,$0.32B,5.30%,$6.00B,$0.23B,3.88%,$0.23B,$0.61B,39.46%,$0.23B,$-0.45B,-50.87%,$0.23B,$2.86B,8.20%,$0.40B,$1.42B,28.26%,$1489,$1187,$302,$0,$194,$1390,$99,$-30,$69,$16,$53,$53,$53,$123,$99,$46,48,$1.19,$1.13,$72,$666,$0,$1680,$104,$0,$1058,$17,$1179,$2860,$1292,$811,$30,$959,$2251,$1,$285,$26,$608,$2860,$233,$54,$3,$57,$4,$-34,$19,$2,$-27,$262,$-16,$0,$-32,$0,$0,$0,$0,$-48,$84,$121,$205,$-435,$-435,$0,$18,$-213,$-1,$0,$0
44,2007-09-30,42.94,$13.02,3.3,$118.43,0.36,$11.80,3.64,$4.70,9.14,$1.71B,$1.36B,1.26,$0.80B,$0.57B,1.4,$5.89B,$1.21B,20.49%,$5.89B,$0.39B,6.60%,$5.89B,$0.39B,6.60%,$5.89B,$0.43B,7.27%,$5.89B,$0.33B,5.58%,$5.89B,$0.24B,4.04%,$0.24B,$0.57B,37.82%,$0.24B,$-0.47B,-56.07%,$0.24B,$2.88B,8.40%,$0.39B,$1.37B,27.40%,$1546,$1233,$313,$0,$195,$1436,$109,$-18,$92,$20,$72,$72,$72,$119,$109,$44,47,$1.62,$1.54,$64,$648,$0,$1713,$105,$0,$1044,$18,$1167,$2880,$1362,$802,$28,$946,$2308,$1,$224,$24,$572,$2880,$180,$30,$-6,$24,$-62,$-24,$78,$38,$3,$207,$-11,$0,$-8,$0,$0,$0,$0,$-19,$53,$140,$193,$-404,$-404,$0,$17,$-195,$-9,$11,$0
45,2007-06-30,60.45,$12.40,4.88,$110.85,0.55,$8.63,7.01,$4.33,13.96,$1.67B,$1.29B,1.3,$0.84B,$0.56B,1.5,$5.69B,$1.17B,20.57%,$5.69B,$0.38B,6.68%,$5.69B,$0.38B,6.68%,$5.69B,$0.42B,7.31%,$5.69B,$0.33B,5.73%,$5.69B,$0.23B,3.96%,$0.23B,$0.56B,34.09%,$0.23B,$-0.49B,-77.59%,$0.23B,$2.84B,8.72%,$0.38B,$1.40B,28.42%,$1518,$1210,$308,$0,$195,$1415,$104,$-17,$87,$27,$60,$60,$60,$114,$104,$46,49,$1.30,$1.22,$65,$635,$0,$1670,$105,$0,$1046,$19,$1170,$2841,$1290,$838,$28,$992,$2282,$1,$152,$22,$559,$2841,$108,$20,$-1,$19,$-41,$-14,$67,$23,$1,$128,$-7,$0,$-8,$0,$0,$0,$0,$-15,$195,$3,$199,$-339,$-339,$0,$17,$-123,$-8,$7,$0
46,2007-03-31,62.78,$13.22,4.75,$105.07,0.6,$7.10,8.85,$4.21,14.91,$1.62B,$1.24B,1.3,$0.78B,$0.62B,1.25,$5.51B,$1.13B,20.58%,$5.51B,$0.37B,6.74%,$5.51B,$0.37B,6.74%,$5.51B,$0.40B,7.34%,$5.51B,$0.32B,5.85%,$5.51B,$0.22B,4.00%,$0.22B,$0.62B,32.46%,$0.22B,$-0.42B,-130.37%,$0.22B,$2.79B,9.52%,$0.37B,$1.40B,30.10%,$1451,$1152,$299,$0,$208,$1368,$83,$-12,$70,$22,$48,$48,$48,$92,$83,$49,52,$0.98,$0.93,$55,$606,$0,$1618,$105,$0,$1047,$19,$1171,$2788,$1244,$777,$26,$921,$2165,$1,$92,$15,$623,$2788,$48,$10,$-13,$-3,$-35,$8,$56,$31,$31,$76,$-3,$0,$-4,$0,$0,$0,$0,$-6,$104,$-4,$100,$-202,$-202,$0,$15,$-87,$-18,$3,$0
47,2006-12-31,58.81,$15.40,3.82,$101.75,0.58,$6.24,9.42,$4.14,14.21,$1.62B,$1.15B,1.4,$0.74B,$0.76B,0.98,$5.32B,$1.09B,20.43%,$5.32B,$0.37B,6.86%,$5.32B,$0.37B,6.86%,$5.32B,$0.40B,7.44%,$5.32B,$0.32B,5.96%,$5.32B,$0.22B,4.06%,$0.22B,$0.76B,32.78%,$0.22B,$-0.32B,-258.68%,$0.22B,$2.82B,10.61%,$0.37B,$1.51B,32.99%,$1376,$1089,$287,$0,$185,$1283,$93,$-13,$80,$22,$58,$58,$58,$103,$93,$49,52,$1.19,$1.10,$73,$614,$0,$1618,$107,$0,$1079,$20,$1206,$2824,$1154,$744,$14,$907,$2061,$1,$49,$15,$763,$2824,$217,$31,$-7,$24,$-18,$-28,$-28,$21,$-34,$207,$-14,$0,$-540,$0,$0,$0,$-2,$-556,$344,$24,$368,$7,$7,$0,$26,$400,$51,$0,$0
