,Date,Stock Price,Book Value per Share,Price to Book Ratio,TTM Sales per Share,Price to Sales Ratio,TTM FCF per Share,Price to FCF Ratio,TTM Net EPS,PE Ratio,Current Assets,Current Liabilities,Current Ratio,Long Term Debt,Shareholder's Equity_x,Debt to Equity Ratio,TTM Revenue_x,TTM Gross Profit,Gross Margin,TTM Revenue_y,TTM Operating Income,Operating Margin,TTM Revenue_x,TTM EBIT,EBIT Margin,TTM Revenue_y,TTM EBITDA,EBITDA Margin,TTM Revenue_x,TTM Pre-Tax Income,Pre-Tax Margin,TTM Revenue_y,TTM Net Income_x,Net Margin,TTM Net Income_y,Shareholder's Equity_y,Return on Equity,TTM Net Income_x,Tangible Equity,Return on Tangible Equity,TTM Net Income_y,Total Assets,Return on Assets,TTM Net Income,LT Investments & Debt,Return on Investment,revenue,cost-goods-sold,gross-profit,research-development-expenses,selling-general-administrative-expenses,operating-expenses,operating-income,total-non-operating-income-expense,pre-tax-income,total-provision-income-taxes,income-after-taxes,income-from-continuous-operations,net-income,ebitda,ebit,basic-shares-outstanding,shares-outstanding,eps-basic-net-earnings-per-share,eps-earnings-per-share-diluted,cash-on-hand,inventory,other-current-assets,total-current-assets,net-property-plant-equipment,long-term-investments,goodwill-intangible-assets-total,other-long-term-assets,total-long-term-assets,total-assets,total-current-liabilities,long-term-debt,other-non-current-liabilities,total-long-term-liabilities,total-liabilities,common-stock-net,retained-earnings-accumulated-deficit,comprehensive-income,total-share-holder-equity,total-liabilities-share-holders-equity,net-income-loss,total-depreciation-amortization-cash-flow,other-non-cash-items,total-non-cash-items,change-in-accounts-receivable,change-in-inventories,change-in-accounts-payable,change-in-assets-liabilities,total-change-in-assets-liabilities,cash-flow-from-operating-activities,net-change-in-property-plant-equipment,net-change-in-intangible-assets,net-acquisitions-divestitures,net-change-in-short-term-investments,net-change-in-long-term-investments,net-change-in-investments-total,investing-activities-other,cash-flow-from-investing-activities,net-long-term-debt,net-current-debt,debt-issuance-retirement-net-total,net-common-equity-issued-repurchased,net-total-equity-issued-repurchased,total-common-preferred-stock-dividends-paid,financial-activities-other,cash-flow-from-financial-activities,net-cash-flow,stock-based-compensation,common-stock-dividends-paid
0,2018-09-30,320.49,$83.28,3.85,$406.42,0.79,$48.10,6.66,$9.64,33.25,$7.68B,$5.80B,1.32,$2.13B,$4.16B,0.51,$18.69B,$2.46B,13.14%,$18.69B,$0.62B,3.30%,$18.69B,$0.69B,3.69%,$18.69B,$0.84B,4.51%,$18.69B,$0.61B,3.28%,$18.69B,$0.45B,2.39%,$0.45B,$4.16B,15.18%,$0.45B,$1.08B,31.85%,$0.45B,$12.46B,4.39%,$0.62B,$6.29B,14.14%,$5058,$4347,$712,$0,$433,$4850,$209,$7,$215,$85,$131,$131,$131,$278,$232,$48,48,$2.74,$2.70,$5341,$0,$0,$7682,$384,$1079,$3080,$233,$4776,$12459,$5804,$2125,$249,$2492,$8296,$1,$2211,$-11,$4162,$12459,$384,$117,$55,$172,$-283,$0,$292,$-75,$-358,$198,$-88,$0,$-2036,$0,$-500,$-500,$0,$-2623,$714,$221,$935,$1319,$1319,$0,$280,$2535,$110,$52,$0
1,2018-06-30,246.24,$59.68,4.13,$399.79,0.62,$71.45,3.45,$10.76,22.88,$7.60B,$5.98B,1.27,$1.18B,$2.67B,0.44,$18.03B,$2.38B,13.18%,$18.03B,$0.62B,3.43%,$18.03B,$0.69B,3.81%,$18.03B,$0.83B,4.57%,$18.03B,$0.63B,3.51%,$18.03B,$0.49B,2.70%,$0.49B,$2.67B,19.63%,$0.49B,$1.65B,33.44%,$0.49B,$10.13B,5.22%,$0.62B,$3.86B,16.90%,$4639,$3976,$663,$0,$378,$4405,$234,$-4,$230,$78,$152,$152,$152,$286,$251,$45,45,$3.39,$3.35,$5892,$0,$0,$7603,$331,$951,$1024,$225,$2531,$10134,$5977,$1184,$245,$1485,$7463,$0,$2081,$-11,$2672,$10134,$253,$71,$-7,$64,$-349,$0,$251,$514,$452,$777,$-53,$0,$0,$0,$-314,$-314,$0,$-366,$0,$0,$0,$-20,$-20,$0,$506,$486,$896,$30,$0
2,2018-03-31,193.63,$55.92,3.46,$393.15,0.49,$61.70,3.14,$9.06,21.37,$7.18B,$5.68B,1.26,$1.18B,$2.50B,0.47,$17.70B,$2.27B,12.81%,$17.70B,$0.53B,2.98%,$17.70B,$0.60B,3.37%,$17.70B,$0.73B,4.12%,$17.70B,$0.52B,2.93%,$17.70B,$0.41B,2.31%,$0.41B,$2.50B,17.40%,$0.41B,$1.48B,30.90%,$0.41B,$9.67B,4.59%,$0.53B,$3.69B,14.92%,$4646,$4076,$571,$0,$356,$4485,$161,$-3,$159,$57,$102,$102,$102,$215,$178,$45,45,$2.28,$2.25,$5533,$0,$0,$7177,$317,$939,$1019,$219,$2494,$9671,$5680,$1183,$235,$1489,$7169,$0,$1929,$-11,$2502,$9671,$102,$36,$-2,$34,$-234,$0,$48,$527,$310,$446,$-24,$0,$0,$0,$-216,$-216,$0,$-241,$0,$0,$0,$-20,$-20,$0,$438,$417,$623,$12,$0
3,2017-12-31,201.11,$54.28,3.71,$378.56,0.53,$59.92,3.36,$8.31,24.2,$5.82B,$4.44B,1.31,$1.18B,$2.42B,0.49,$17.01B,$2.14B,12.60%,$17.01B,$0.47B,2.76%,$17.01B,$0.54B,3.16%,$17.01B,$0.66B,3.86%,$17.01B,$0.46B,2.72%,$17.01B,$0.37B,2.20%,$0.37B,$2.42B,16.69%,$0.37B,$1.39B,27.69%,$0.37B,$8.37B,4.36%,$0.47B,$3.60B,13.70%,$4345,$3836,$509,$0,$445,$4333,$12,$-3,$9,$-52,$61,$61,$61,$65,$29,$44,45,$1.35,$1.34,$4668,$0,$0,$5819,$320,$977,$1029,$220,$2545,$8365,$4443,$1182,$229,$1505,$5948,$0,$1828,$-3,$2417,$8365,$374,$120,$57,$177,$92,$0,$336,$64,$499,$1050,$-128,$0,$-728,$0,$-784,$-784,$0,$-1641,$156,$0,$156,$-15,$-15,$0,$687,$828,$237,$60,$0
4,2017-09-30,171.74,$52.42,3.28,$360.78,0.48,$53.83,3.19,$7.97,21.55,$6.76B,$5.29B,1.28,$1.18B,$2.33B,0.51,$16.18B,$2.07B,12.79%,$16.18B,$0.54B,3.33%,$16.18B,$0.60B,3.73%,$16.18B,$0.71B,4.39%,$16.18B,$0.53B,3.30%,$16.18B,$0.36B,2.21%,$0.36B,$2.33B,16.75%,$0.36B,$1.31B,25.81%,$0.36B,$9.13B,4.46%,$0.54B,$3.52B,16.44%,$4403,$3770,$633,$0,$372,$4191,$212,$23,$235,$64,$172,$172,$172,$260,$229,$45,45,$3.86,$3.82,$5384,$0,$0,$6761,$316,$804,$1027,$220,$2367,$9129,$5289,$1182,$230,$1506,$6795,$0,$1767,$0,$2333,$9129,$313,$85,$33,$118,$6,$0,$295,$574,$815,$1246,$-93,$0,$-729,$0,$-738,$-738,$0,$-1559,$156,$0,$156,$-14,$-14,$0,$991,$1134,$820,$33,$0
5,2017-06-30,179.56,$48.36,3.71,$343.15,0.52,$51.02,3.52,$5.69,31.56,$6.35B,$4.83B,1.32,$1.18B,$2.15B,0.55,$15.36B,$1.89B,12.33%,$15.36B,$0.48B,3.12%,$15.36B,$0.54B,3.52%,$15.36B,$0.64B,4.17%,$15.36B,$0.45B,2.94%,$15.36B,$0.26B,1.66%,$0.26B,$2.15B,12.50%,$0.26B,$1.12B,17.53%,$0.26B,$8.51B,3.45%,$0.48B,$3.33B,15.31%,$4305,$3750,$555,$0,$366,$4163,$142,$-27,$115,$41,$74,$74,$74,$189,$160,$44,45,$1.67,$1.65,$4543,$0,$0,$6347,$291,$618,$1036,$222,$2166,$8513,$4827,$1181,$257,$1534,$6361,$0,$1595,$-0,$2152,$8513,$141,$53,$15,$68,$-532,$0,$166,$538,$118,$335,$-54,$0,$-718,$0,$-558,$-558,$0,$-1330,$156,$0,$156,$-14,$-14,$0,$825,$968,$-28,$24,$0
6,2017-03-31,140.21,$46.38,3.02,$328.03,0.43,$42.58,3.29,$6.08,23.06,$7.27B,$5.01B,1.45,$1.18B,$2.06B,0.57,$14.65B,$1.86B,12.70%,$14.65B,$0.54B,3.71%,$14.65B,$0.60B,4.11%,$14.65B,$0.69B,4.74%,$14.65B,$0.54B,3.71%,$14.65B,$0.27B,1.86%,$0.27B,$2.06B,13.82%,$0.27B,$1.59B,17.56%,$0.27B,$8.34B,4.09%,$0.54B,$3.24B,17.92%,$3954,$3509,$446,$0,$302,$3851,$103,$0,$103,$36,$67,$67,$67,$143,$119,$44,45,$1.52,$1.50,$6005,$0,$0,$7269,$274,$327,$472,$0,$1074,$8343,$5013,$1180,$39,$1266,$6279,$0,$1521,$-1,$2064,$8343,$67,$24,$-12,$12,$-115,$0,$86,$432,$283,$362,$-24,$0,$0,$0,$-406,$-406,$0,$-429,$1082,$0,$1082,$-13,$-13,$0,$549,$1618,$1551,$10,$0
7,2016-12-31,137.08,$45.16,3.04,$319.39,0.43,$32.16,4.26,$5.41,25.34,$5.12B,$3.06B,1.68,$1.00B,$2.00B,0.5,$14.24B,$1.81B,12.70%,$14.24B,$0.53B,3.72%,$14.24B,$0.59B,4.13%,$14.24B,$0.68B,4.76%,$14.24B,$0.53B,3.72%,$14.24B,$0.24B,1.71%,$0.24B,$2.00B,12.83%,$0.24B,$1.53B,16.12%,$0.24B,$6.15B,4.13%,$0.53B,$3.00B,18.02%,$3518,$3083,$435,$0,$318,$3437,$81,$0,$81,$36,$45,$45,$45,$118,$95,$44,45,$1.01,$1.00,$4086,$0,$0,$5120,$275,$292,$467,$1,$1033,$6153,$3056,$998,$36,$1097,$4153,$0,$1454,$-1,$2000,$6153,$242,$88,$64,$152,$70,$0,$187,$-27,$355,$748,$-105,$0,$-69,$0,$147,$147,$0,$-27,$-203,$0,$-203,$-7,$-7,$0,$1043,$833,$1554,$36,$0
8,2016-09-30,117.09,$43.86,2.67,$319.32,0.37,$30.71,3.81,$4.70,24.91,$5.62B,$3.53B,1.59,$1.00B,$1.94B,0.51,$14.22B,$1.78B,12.55%,$14.22B,$0.49B,3.41%,$14.22B,$0.55B,3.83%,$14.22B,$0.63B,4.43%,$14.22B,$0.49B,3.41%,$14.22B,$0.21B,1.48%,$0.21B,$1.94B,11.56%,$0.21B,$1.58B,14.35%,$0.21B,$6.53B,3.74%,$0.49B,$2.94B,17.02%,$3584,$3126,$458,$0,$269,$3431,$153,$0,$153,$84,$69,$69,$69,$190,$168,$44,45,$1.55,$1.54,$4081,$0,$0,$5615,$249,$295,$367,$0,$911,$6526,$3530,$997,$28,$1053,$4583,$0,$1409,$-2,$1943,$6526,$197,$65,$-1,$64,$127,$0,$221,$373,$807,$1080,$-62,$0,$-24,$0,$32,$32,$0,$-54,$-203,$0,$-203,$-7,$-7,$0,$655,$445,$1471,$24,$0
9,2016-06-30,107.28,$42.16,2.54,$316.49,0.34,$11.12,9.65,$3.98,26.95,$4.64B,$2.52B,1.84,$1.10B,$1.87B,0.59,$14.07B,$1.74B,12.36%,$14.07B,$0.44B,3.11%,$14.07B,$0.50B,3.54%,$14.07B,$0.58B,4.11%,$14.07B,$0.44B,3.11%,$14.07B,$0.18B,1.26%,$0.18B,$1.87B,10.07%,$0.18B,$1.49B,12.56%,$0.18B,$5.56B,3.40%,$0.44B,$2.96B,15.78%,$3594,$3073,$521,$0,$278,$3388,$207,$0,$207,$116,$91,$91,$91,$243,$221,$44,45,$2.05,$2.04,$2713,$0,$0,$4635,$244,$312,$372,$0,$928,$5562,$2516,$1097,$25,$1180,$3696,$0,$1340,$-2,$1866,$5562,$129,$43,$20,$63,$-515,$0,$123,$-24,$-260,$-60,$-38,$0,$-21,$0,$30,$30,$0,$-29,$-103,$0,$-103,$-6,$-6,$0,$315,$206,$117,$15,$0
10,2016-03-31,92.75,$39.93,2.32,$314.31,0.3,$10.19,9.1,$3.11,29.82,$4.41B,$2.36B,1.87,$1.10B,$1.77B,0.62,$13.96B,$1.65B,11.78%,$13.96B,$0.37B,2.66%,$13.96B,$0.43B,3.08%,$13.96B,$0.51B,3.62%,$13.96B,$0.37B,2.66%,$13.96B,$0.14B,1.00%,$0.14B,$1.77B,8.09%,$0.14B,$1.43B,10.14%,$0.14B,$5.32B,2.72%,$0.37B,$2.86B,13.50%,$3541,$3146,$394,$0,$269,$3452,$89,$0,$89,$51,$38,$38,$38,$126,$105,$44,44,$0.86,$0.85,$2574,$0,$0,$4411,$245,$323,$341,$0,$909,$5320,$2362,$1097,$26,$1191,$3553,$0,$1249,$-2,$1767,$5320,$38,$21,$22,$43,$-291,$0,$31,$-17,$-197,$-111,$-17,$0,$0,$0,$25,$25,$0,$8,$-103,$0,$-103,$-6,$-6,$0,$196,$88,$-15,$7,$0
11,2015-12-31,78.21,$39.18,2.0,$313.06,0.25,$10.01,7.81,$2.67,29.29,$4.23B,$2.44B,1.73,$0.90B,$1.73B,0.52,$13.89B,$1.59B,11.45%,$13.89B,$0.34B,2.42%,$13.89B,$0.39B,2.81%,$13.89B,$0.46B,3.33%,$13.89B,$0.34B,2.42%,$13.89B,$0.12B,0.86%,$0.12B,$1.73B,7.08%,$0.12B,$1.39B,8.96%,$0.12B,$5.15B,2.41%,$0.34B,$2.63B,12.62%,$3497,$3086,$411,$0,$341,$3461,$36,$0,$36,$23,$13,$13,$13,$71,$52,$44,44,$0.29,$0.29,$2611,$0,$0,$4230,$245,$328,$343,$0,$916,$5146,$2441,$900,$24,$976,$3418,$0,$1212,$-2,$1728,$5146,$119,$73,$91,$164,$98,$0,$310,$-91,$431,$713,$-137,$0,$-17,$0,$30,$30,$0,$-124,$309,$0,$309,$-7,$-7,$0,$203,$505,$1094,$20,$0
12,2015-09-30,86.18,$38.75,2.22,$311.61,0.28,$2.13,40.49,$2.56,33.66,$4.01B,$2.21B,1.81,$0.91B,$1.71B,0.53,$13.81B,$1.55B,11.20%,$13.81B,$0.36B,2.58%,$13.81B,$0.41B,2.95%,$13.81B,$0.37B,2.69%,$13.81B,$0.35B,2.56%,$13.81B,$0.11B,0.83%,$0.11B,$1.71B,6.92%,$0.11B,$1.36B,8.84%,$0.11B,$4.94B,2.38%,$0.36B,$2.62B,13.54%,$3441,$3028,$413,$0,$280,$3336,$105,$0,$105,$68,$36,$36,$36,$138,$120,$44,44,$0.83,$0.82,$1650,$0,$0,$4011,$240,$333,$346,$11,$930,$4941,$2213,$913,$25,$1019,$3232,$0,$1199,$-2,$1709,$4941,$106,$53,$65,$118,$-33,$0,$107,$-103,$21,$238,$-95,$0,$-17,$0,$8,$8,$0,$-103,$309,$0,$309,$-7,$-7,$0,$-327,$-25,$110,$14,$0
13,2015-06-30,84.83,$37.87,2.24,$311.27,0.27,$1.91,44.35,$2.18,38.91,$4.07B,$2.04B,1.99,$1.21B,$1.67B,0.73,$13.78B,$1.49B,10.80%,$13.78B,$0.32B,2.33%,$13.78B,$0.37B,2.66%,$13.78B,$0.36B,2.62%,$13.78B,$0.31B,2.26%,$13.78B,$0.10B,0.70%,$0.10B,$1.67B,6.01%,$0.10B,$1.31B,7.74%,$0.10B,$5.02B,2.08%,$0.32B,$2.88B,12.38%,$3483,$3056,$427,$0,$256,$3342,$141,$0,$141,$89,$52,$52,$52,$171,$153,$44,44,$1.17,$1.17,$1560,$0,$0,$4074,$221,$355,$359,$12,$947,$5021,$2043,$1213,$19,$1309,$3352,$0,$1162,$-1,$1669,$5021,$69,$35,$50,$84,$-327,$0,$-21,$-114,$-227,$-75,$-64,$0,$-17,$0,$4,$4,$0,$-77,$309,$0,$309,$-6,$-6,$0,$-126,$178,$26,$9,$0
14,2015-03-31,91.46,$36.65,2.5,$304.61,0.3,$-1.23,0.0,$0.84,108.88,$3.71B,$2.09B,1.78,$0.90B,$1.61B,0.56,$13.45B,$1.32B,9.85%,$13.45B,$0.17B,1.23%,$13.45B,$0.21B,1.55%,$13.45B,$0.24B,1.76%,$13.45B,$0.17B,1.23%,$13.45B,$0.04B,0.28%,$0.04B,$1.61B,2.33%,$0.04B,$1.25B,3.01%,$0.04B,$4.67B,0.83%,$0.17B,$2.51B,6.84%,$3470,$3131,$339,$0,$257,$3416,$54,$0,$54,$37,$18,$18,$18,$83,$66,$44,44,$0.40,$0.39,$1380,$0,$0,$3711,$211,$378,$361,$9,$960,$4671,$2086,$900,$18,$971,$3057,$0,$1111,$-0,$1614,$4671,$18,$17,$20,$37,$-179,$0,$-14,$-117,$-155,$-100,$-36,$0,$0,$0,$-4,$-4,$0,$-40,$0,$0,$0,$-5,$-5,$0,$5,$-1,$-141,$4,$0
15,2014-12-31,82.06,$36.34,2.26,$293.96,0.28,$1.22,67.18,$1.45,56.59,$3.53B,$1.94B,1.82,$0.90B,$1.60B,0.56,$12.96B,$1.29B,9.96%,$12.96B,$0.15B,1.14%,$12.96B,$0.19B,1.45%,$12.96B,$0.25B,1.91%,$12.96B,$0.18B,1.37%,$12.96B,$0.06B,0.49%,$0.06B,$1.60B,4.00%,$0.06B,$1.23B,5.19%,$0.06B,$4.50B,1.48%,$0.15B,$2.50B,6.37%,$3415,$3048,$367,$0,$283,$3359,$56,$-2,$54,$46,$8,$8,$8,$-20,$68,$44,44,$0.17,$0.17,$1486,$0,$0,$3526,$187,$408,$364,$10,$969,$4495,$1936,$900,$15,$963,$2899,$0,$1093,$-1,$1596,$4495,$64,$60,$-5,$55,$-207,$0,$317,$47,$158,$299,$-75,$0,$48,$0,$-49,$-49,$0,$-76,$299,$0,$299,$-3,$-3,$0,$-688,$-393,$-169,$16,$0
16,2014-09-30,60.34,$36.05,1.67,$272.06,0.22,$-1.21,0.0,$2.24,26.94,$3.55B,$1.91B,1.86,$0.90B,$1.58B,0.57,$11.99B,$1.24B,10.31%,$11.99B,$0.17B,1.39%,$11.99B,$0.20B,1.67%,$11.99B,$0.36B,3.00%,$11.99B,$0.20B,1.63%,$11.99B,$0.10B,0.82%,$0.10B,$1.58B,6.30%,$0.10B,$1.22B,8.10%,$0.10B,$4.46B,2.45%,$0.17B,$2.48B,7.44%,$3408,$3053,$355,$0,$262,$3338,$70,$-8,$62,$42,$19,$19,$19,$128,$79,$44,44,$0.44,$0.44,$1743,$0,$0,$3550,$162,$366,$367,$11,$906,$4456,$1914,$900,$14,$960,$2874,$0,$1085,$-0,$1582,$4456,$56,$147,$11,$159,$-148,$0,$309,$-84,$-46,$179,$-46,$0,$117,$0,$-26,$-26,$0,$45,$298,$0,$298,$-2,$-2,$0,$-452,$-156,$68,$9,$0
17,2014-06-30,74.66,$35.54,2.1,$251.72,0.3,$-0.11,0.0,$3.25,22.97,$3.24B,$1.94B,1.67,$0.60B,$1.56B,0.39,$11.08B,$1.22B,11.01%,$11.08B,$0.20B,1.83%,$11.08B,$0.23B,2.08%,$11.08B,$0.35B,3.18%,$11.08B,$0.24B,2.17%,$11.08B,$0.14B,1.29%,$0.14B,$1.56B,9.35%,$0.14B,$1.22B,11.93%,$0.14B,$4.15B,3.89%,$0.20B,$2.16B,9.89%,$3152,$2889,$263,$0,$229,$3167,$-15,$11,$-4,$4,$-8,$-8,$-8,$46,$-5,$44,44,$-0.17,$-0.17,$1337,$0,$0,$3241,$155,$373,$343,$37,$909,$4150,$1944,$600,$5,$645,$2590,$0,$1066,$-0,$1560,$4150,$37,$98,$-5,$93,$-489,$0,$175,$-36,$-377,$-247,$-28,$0,$137,$0,$-64,$-64,$0,$46,$-1,$0,$-1,$-2,$-2,$0,$-165,$-168,$-368,$6,$0
18,2014-03-31,63.52,$35.61,1.78,$232.96,0.27,$4.34,14.64,$4.49,14.15,$3.18B,$1.71B,1.86,$0.60B,$1.56B,0.38,$10.26B,$1.25B,12.21%,$10.26B,$0.30B,2.88%,$10.26B,$0.31B,3.06%,$10.26B,$0.40B,3.86%,$10.26B,$0.32B,3.13%,$10.26B,$0.20B,1.93%,$0.20B,$1.56B,13.29%,$0.20B,$1.20B,16.94%,$0.20B,$3.94B,5.82%,$0.30B,$2.16B,15.20%,$2986,$2679,$306,$0,$245,$2948,$37,$28,$66,$22,$44,$44,$44,$93,$47,$44,44,$1.01,$1.00,$1947,$0,$0,$3175,$153,$231,$367,$11,$761,$3936,$1711,$600,$6,$664,$2375,$0,$1074,$-1,$1562,$3936,$44,$47,$-18,$29,$-68,$0,$-49,$-19,$-88,$-14,$-13,$0,$164,$0,$11,$11,$0,$162,$-0,$0,$-0,$-2,$-2,$0,$30,$27,$176,$1,$0
19,2013-12-31,70.42,$34.68,2.03,$216.64,0.33,$5.30,13.29,$3.98,17.69,$2.69B,$1.24B,2.18,$0.60B,$1.52B,0.4,$9.53B,$1.19B,12.53%,$9.53B,$0.28B,2.95%,$9.53B,$0.29B,3.08%,$9.53B,$0.34B,3.55%,$9.53B,$0.28B,2.92%,$9.53B,$0.18B,1.85%,$0.18B,$1.52B,12.25%,$0.18B,$1.22B,15.57%,$0.18B,$3.45B,5.56%,$0.28B,$2.12B,15.46%,$2439,$2127,$312,$0,$219,$2365,$74,$0,$71,$29,$43,$43,$43,$93,$80,$44,44,$0.98,$0.97,$1797,$0,$0,$2693,$147,$163,$303,$144,$758,$3451,$1237,$600,$40,$696,$1933,$0,$1029,$-1,$1518,$3451,$175,$44,$35,$79,$-116,$0,$98,$-35,$-87,$179,$-62,$0,$-174,$0,$-54,$-54,$0,$-291,$450,$0,$450,$6,$6,$0,$38,$494,$382,$13,$0
20,2013-09-30,69.74,$33.74,2.07,$206.57,0.34,$0.54,128.6,$4.12,16.93,$2.56B,$1.32B,1.94,$0.30B,$1.48B,0.2,$9.08B,$1.16B,12.80%,$9.08B,$0.28B,3.13%,$9.08B,$0.29B,3.21%,$9.08B,$0.33B,3.66%,$9.08B,$0.28B,3.13%,$9.08B,$0.18B,2.01%,$0.18B,$1.48B,13.11%,$0.18B,$1.17B,16.73%,$0.18B,$3.18B,6.13%,$0.28B,$1.77B,17.23%,$2500,$2162,$339,$0,$219,$2394,$107,$0,$107,$43,$64,$64,$64,$120,$109,$44,44,$1.47,$1.45,$1708,$0,$0,$2559,$144,$169,$305,$3,$621,$3181,$1319,$297,$41,$387,$1706,$0,$986,$-1,$1475,$3181,$132,$32,$35,$66,$-51,$0,$138,$-46,$31,$230,$-49,$0,$-41,$0,$-64,$-64,$0,$-153,$199,$0,$199,$5,$5,$0,$10,$214,$290,$12,$0
21,2013-06-30,55.55,$32.23,1.72,$191.27,0.29,$-7.72,0.0,$3.54,15.69,$2.39B,$1.23B,1.95,$0.31B,$1.40B,0.22,$8.40B,$1.07B,12.76%,$8.40B,$0.24B,2.85%,$8.40B,$0.25B,2.92%,$8.40B,$0.28B,3.38%,$8.40B,$0.24B,2.85%,$8.40B,$0.16B,1.86%,$0.16B,$1.40B,11.66%,$0.16B,$1.10B,14.39%,$0.16B,$3.03B,5.55%,$0.24B,$1.71B,15.37%,$2332,$2037,$295,$0,$205,$2255,$77,$0,$77,$30,$47,$47,$47,$90,$79,$43,44,$1.08,$1.07,$1506,$0,$0,$2392,$143,$184,$307,$3,$637,$3030,$1227,$308,$41,$400,$1627,$0,$923,$-1,$1403,$3030,$68,$21,$22,$43,$-167,$0,$66,$-33,$-160,$-49,$-31,$0,$-41,$0,$-73,$-73,$0,$-144,$209,$0,$209,$2,$2,$0,$76,$287,$95,$7,$0
22,2013-03-31,57.96,$31.11,1.86,$179.55,0.32,$-11.12,0.0,$3.53,16.42,$2.39B,$1.24B,1.93,$0.32B,$1.35B,0.24,$7.87B,$1.02B,12.97%,$7.87B,$0.24B,3.04%,$7.87B,$0.24B,3.10%,$7.87B,$0.28B,3.56%,$7.87B,$0.24B,3.04%,$7.87B,$0.16B,1.97%,$0.16B,$1.35B,11.97%,$0.16B,$1.04B,14.25%,$0.16B,$3.00B,5.68%,$0.24B,$1.67B,16.29%,$2257,$2009,$248,$0,$213,$2234,$23,$0,$23,$1,$22,$22,$22,$35,$25,$43,44,$0.50,$0.49,$1649,$0,$0,$2387,$140,$157,$311,$3,$611,$2998,$1239,$318,$41,$408,$1647,$0,$876,$-1,$1351,$2998,$22,$10,$14,$24,$-7,$0,$55,$-10,$-15,$31,$-16,$0,$-39,$0,$-6,$-6,$0,$-61,$219,$0,$219,$1,$1,$0,$88,$308,$278,$4,$0
23,2012-12-31,48.69,$30.62,1.59,$169.43,0.29,$-11.63,0.0,$4.22,11.54,$2.10B,$1.11B,1.89,$0.12B,$1.32B,0.09,$7.41B,$1.02B,13.80%,$7.41B,$0.30B,3.98%,$7.41B,$0.30B,4.05%,$7.41B,$0.33B,4.48%,$7.41B,$0.30B,3.98%,$7.41B,$0.18B,2.48%,$0.18B,$1.32B,14.70%,$0.18B,$1.05B,16.83%,$0.18B,$2.68B,6.94%,$0.30B,$1.44B,21.41%,$1988,$1708,$280,$0,$193,$1911,$77,$0,$77,$29,$49,$49,$49,$87,$78,$43,44,$1.13,$1.11,$1321,$0,$0,$2101,$132,$164,$277,$2,$575,$2676,$1113,$120,$77,$239,$1352,$0,$854,$-1,$1323,$2676,$185,$32,$47,$78,$-193,$0,$-51,$-75,$-296,$-31,$-61,$0,$-127,$0,$-35,$-35,$0,$-223,$-14,$0,$-14,$3,$3,$0,$40,$29,$-225,$15,$0
24,2012-09-30,56.55,$29.48,1.92,$160.99,0.35,$-6.94,0.0,$5.07,11.15,$2.14B,$1.05B,2.05,$0.12B,$1.27B,0.1,$7.02B,$1.05B,15.01%,$7.02B,$0.34B,4.80%,$7.02B,$0.34B,4.90%,$7.02B,$0.37B,5.31%,$7.02B,$0.35B,4.96%,$7.02B,$0.22B,3.13%,$0.22B,$1.27B,18.33%,$0.22B,$1.15B,20.36%,$0.22B,$2.54B,8.45%,$0.34B,$1.40B,25.33%,$1818,$1570,$248,$0,$177,$1756,$62,$0,$62,$24,$38,$38,$38,$72,$63,$43,44,$0.89,$0.87,$1272,$0,$0,$2143,$124,$155,$120,$2,$401,$2544,$1048,$124,$77,$223,$1270,$0,$805,$-1,$1273,$2544,$136,$23,$36,$58,$-197,$0,$-53,$-53,$-331,$-134,$-48,$0,$0,$0,$-20,$-20,$0,$-68,$-10,$0,$-10,$3,$3,$0,$-54,$-60,$-263,$14,$0
25,2012-06-30,53.0,$28.57,1.85,$155.08,0.34,$3.86,13.75,$6.23,8.51,$2.30B,$1.24B,1.85,$0.13B,$1.23B,0.1,$6.75B,$1.12B,16.56%,$6.75B,$0.42B,6.15%,$6.75B,$0.43B,6.30%,$6.75B,$0.45B,6.69%,$6.75B,$0.43B,6.31%,$6.75B,$0.27B,4.00%,$0.27B,$1.23B,23.72%,$0.27B,$1.11B,26.52%,$0.27B,$2.69B,10.11%,$0.42B,$1.36B,31.93%,$1811,$1566,$245,$0,$159,$1734,$77,$0,$77,$31,$46,$46,$46,$86,$78,$43,44,$1.08,$1.06,$1401,$0,$0,$2297,$118,$154,$120,$2,$394,$2691,$1242,$128,$75,$218,$1459,$0,$767,$-1,$1231,$2691,$98,$15,$3,$18,$-420,$0,$-90,$207,$-309,$-194,$-35,$0,$0,$0,$-61,$-61,$0,$-96,$-5,$0,$-5,$4,$4,$0,$115,$115,$-175,$10,$0
26,2012-03-31,71.88,$27.42,2.62,$148.07,0.49,$7.95,9.04,$6.78,10.6,$2.31B,$1.29B,1.8,$0.13B,$1.18B,0.11,$6.42B,$1.14B,17.75%,$6.42B,$0.45B,7.02%,$6.42B,$0.46B,7.18%,$6.42B,$0.49B,7.55%,$6.42B,$0.46B,7.19%,$6.42B,$0.29B,4.58%,$0.29B,$1.18B,27.61%,$0.29B,$1.06B,31.16%,$0.29B,$2.69B,11.46%,$0.45B,$1.31B,37.77%,$1791,$1542,$249,$0,$162,$1712,$79,$0,$79,$28,$51,$51,$51,$87,$81,$43,43,$1.19,$1.18,$1677,$0,$0,$2312,$105,$149,$121,$2,$377,$2689,$1288,$131,$74,$220,$1508,$0,$721,$-2,$1181,$2689,$51,$7,$-6,$1,$-201,$0,$-31,$170,$-46,$8,$-15,$0,$0,$0,$-38,$-38,$0,$-53,$-2,$0,$-2,$5,$5,$0,$163,$165,$120,$6,$0
27,2011-12-31,52.5,$26.06,2.01,$141.12,0.37,$6.89,7.62,$6.10,8.61,$2.12B,$1.12B,1.89,$0.14B,$1.12B,0.12,$6.11B,$1.08B,17.75%,$6.11B,$0.41B,6.66%,$6.11B,$0.42B,6.80%,$6.11B,$0.44B,7.20%,$6.11B,$0.42B,6.84%,$6.11B,$0.26B,4.32%,$0.26B,$1.12B,26.83%,$0.26B,$1.00B,30.63%,$0.26B,$2.49B,10.75%,$0.41B,$1.25B,37.68%,$1600,$1288,$312,$0,$183,$1481,$119,$0,$130,$45,$85,$85,$85,$128,$122,$43,43,$1.98,$1.96,$1524,$0,$0,$2120,$98,$144,$121,$5,$368,$2488,$1123,$135,$112,$248,$1371,$0,$669,$-2,$1117,$2488,$264,$26,$115,$142,$-122,$0,$53,$-178,$-245,$162,$-50,$0,$0,$0,$-62,$-62,$0,$-112,$39,$0,$39,$3,$3,$0,$-127,$-85,$-35,$20,$0
28,2011-09-30,37.98,$23.95,1.59,$136.18,0.28,$8.91,4.26,$4.75,8.0,$2.41B,$1.43B,1.68,$0.25B,$1.03B,0.25,$5.86B,$0.95B,16.21%,$5.86B,$0.32B,5.53%,$5.86B,$0.33B,5.61%,$5.86B,$0.35B,6.04%,$5.86B,$0.32B,5.53%,$5.86B,$0.21B,3.50%,$0.21B,$1.03B,22.46%,$0.21B,$0.90B,25.94%,$0.21B,$2.82B,8.56%,$0.32B,$1.28B,33.22%,$1544,$1234,$311,$0,$161,$1404,$140,$0,$140,$52,$88,$88,$88,$150,$144,$43,43,$2.06,$2.03,$2005,$0,$0,$2410,$87,$145,$121,$5,$409,$2819,$1432,$251,$112,$362,$1795,$0,$584,$-2,$1025,$2819,$179,$20,$46,$66,$-110,$0,$41,$108,$76,$319,$-31,$0,$0,$0,$-82,$-82,$0,$-112,$144,$0,$144,$1,$1,$0,$77,$222,$428,$13,$0
29,2011-06-30,51.41,$21.93,2.34,$133.10,0.39,$0.21,245.63,$3.72,13.82,$1.85B,$1.11B,1.67,$0.00B,$0.94B,0.0,$5.71B,$0.86B,15.09%,$5.71B,$0.26B,4.50%,$5.71B,$0.26B,4.52%,$5.71B,$0.28B,4.96%,$5.71B,$0.26B,4.50%,$5.71B,$0.16B,2.80%,$0.16B,$0.94B,18.67%,$0.16B,$0.81B,21.79%,$0.16B,$2.26B,7.19%,$0.26B,$0.94B,29.99%,$1488,$1220,$268,$0,$147,$1374,$113,$0,$113,$44,$70,$70,$70,$120,$114,$43,43,$1.63,$1.61,$1458,$0,$0,$1846,$78,$160,$122,$4,$417,$2263,$1109,$0,$218,$218,$1327,$0,$496,$-2,$936,$2263,$91,$13,$40,$53,$-112,$0,$-13,$-35,$-173,$-31,$-17,$0,$0,$0,$-82,$-82,$0,$-99,$-1,$0,$-1,$4,$4,$0,$24,$27,$-104,$10,$0
30,2011-03-31,41.95,$20.15,2.08,$130.42,0.32,$-4.61,0.0,$-0.94,0.0,$1.80B,$1.16B,1.55,$0.00B,$0.86B,0.0,$5.56B,$0.80B,14.41%,$5.56B,$-0.05B,-0.88%,$5.56B,$-0.05B,-0.88%,$5.56B,$-0.02B,-0.43%,$5.56B,$-0.05B,-0.88%,$5.56B,$-0.04B,-0.70%,$-0.04B,$0.86B,-4.80%,$-0.04B,$0.74B,-5.66%,$-0.04B,$2.25B,-1.81%,$-0.05B,$0.86B,-6.03%,$1475,$1282,$193,$0,$151,$1440,$35,$0,$35,$14,$21,$21,$21,$42,$35,$43,43,$0.50,$0.50,$1435,$0,$0,$1803,$76,$190,$122,$4,$447,$2249,$1161,$0,$231,$231,$1392,$0,$426,$-2,$858,$2249,$21,$6,$29,$36,$-65,$0,$53,$-37,$-100,$-44,$-9,$0,$0,$0,$-112,$-112,$0,$-120,$-0,$0,$-0,$0,$0,$0,$38,$38,$-127,$5,$0
31,2010-12-31,30.22,$19.56,1.55,$127.91,0.24,$-7.48,0.0,$-1.29,0.0,$1.82B,$1.19B,1.53,$0.00B,$0.83B,0.0,$5.44B,$0.79B,14.49%,$5.44B,$-0.07B,-1.34%,$5.44B,$-0.07B,-1.34%,$5.44B,$-0.05B,-0.90%,$5.44B,$-0.07B,-1.34%,$5.44B,$-0.05B,-0.99%,$-0.05B,$0.83B,-6.60%,$-0.05B,$0.71B,-7.77%,$-0.05B,$2.25B,-2.61%,$-0.07B,$0.83B,-8.92%,$1355,$1177,$178,$0,$136,$1320,$36,$0,$36,$10,$26,$26,$26,$42,$36,$42,42,$0.63,$0.64,$1468,$0,$0,$1815,$77,$171,$123,$4,$432,$2247,$1186,$0,$230,$230,$1415,$0,$405,$-2,$832,$2247,$-53,$24,$-53,$-29,$158,$0,$-51,$230,$316,$223,$-28,$0,$0,$0,$-33,$-33,$0,$-61,$-1,$0,$-1,$-5,$-5,$0,$45,$39,$201,$15,$0
32,2010-09-30,28.96,$18.85,1.54,$134.44,0.22,$-11.11,0.0,$-1.64,0.0,$1.71B,$1.11B,1.54,$0.00B,$0.80B,0.0,$5.71B,$0.76B,13.28%,$5.71B,$-0.09B,-1.58%,$5.71B,$-0.09B,-1.58%,$5.71B,$-0.07B,-1.16%,$5.71B,$-0.09B,-1.58%,$5.71B,$-0.07B,-1.21%,$-0.07B,$0.80B,-8.31%,$-0.07B,$0.68B,-9.76%,$-0.07B,$2.14B,-3.39%,$-0.09B,$0.80B,-10.83%,$1388,$1166,$222,$0,$143,$1315,$73,$0,$73,$30,$43,$43,$43,$79,$73,$42,43,$1.01,$1.00,$1164,$0,$0,$1707,$69,$172,$123,$4,$436,$2143,$1108,$0,$233,$233,$1341,$0,$379,$-2,$802,$2143,$-80,$18,$-59,$-41,$-24,$0,$-95,$208,$54,$-72,$-16,$0,$0,$0,$3,$3,$0,$-13,$-1,$0,$-1,$-3,$-3,$0,$23,$18,$-67,$9,$0
33,2010-06-30,23.74,$17.82,1.33,$141.41,0.17,$-7.63,0.0,$-1.96,0.0,$1.51B,$0.95B,1.59,$0.00B,$0.76B,0.0,$5.99B,$0.78B,13.07%,$5.99B,$-0.12B,-1.95%,$5.99B,$-0.12B,-1.95%,$5.99B,$-0.09B,-1.55%,$5.99B,$-0.12B,-1.95%,$5.99B,$-0.08B,-1.39%,$-0.08B,$0.76B,-9.82%,$-0.08B,$0.63B,-11.51%,$-0.08B,$1.97B,-4.10%,$-0.12B,$0.76B,-13.85%,$1341,$1132,$208,$0,$395,$1533,$-193,$0,$-193,$-64,$-129,$-129,$-129,$-187,$-193,$42,42,$-3.05,$-3.05,$1025,$0,$0,$1511,$65,$174,$123,$10,$455,$1966,$948,$0,$261,$261,$1210,$0,$336,$-2,$756,$1966,$-122,$12,$-60,$-49,$-31,$0,$-145,$154,$-65,$-245,$-7,$0,$0,$0,$28,$28,$0,$21,$-0,$0,$-0,$-2,$-2,$0,$49,$46,$-178,$2,$0
34,2010-03-31,29.8,$20.83,1.43,$152.34,0.2,$-5.45,0.0,$1.97,15.13,$1.53B,$0.98B,1.56,$0.00B,$0.88B,0.0,$6.44B,$0.86B,13.39%,$6.44B,$0.14B,2.19%,$6.44B,$0.14B,2.21%,$6.44B,$0.17B,2.58%,$6.44B,$0.14B,2.19%,$6.44B,$0.08B,1.29%,$0.08B,$0.88B,9.63%,$0.08B,$0.76B,11.26%,$0.08B,$1.92B,4.03%,$0.14B,$0.88B,16.37%,$1356,$1176,$180,$0,$164,$1345,$11,$0,$11,$4,$6,$6,$6,$17,$11,$42,43,$0.15,$0.15,$1084,$0,$0,$1525,$67,$176,$124,$11,$392,$1918,$975,$0,$59,$59,$1034,$0,$465,$-3,$884,$1918,$6,$6,$18,$24,$24,$0,$-91,$-93,$-193,$-171,$-4,$0,$0,$0,$12,$12,$0,$8,$-0,$0,$-0,$-2,$-2,$0,$34,$32,$-131,$1,$0
35,2009-12-31,36.76,$20.80,1.77,$163.66,0.22,$-4.02,0.0,$0.93,39.53,$1.72B,$1.18B,1.46,$0.00B,$0.88B,0.0,$6.88B,$0.92B,13.43%,$6.88B,$0.09B,1.35%,$6.88B,$0.10B,1.40%,$6.88B,$0.12B,1.74%,$6.88B,$0.09B,1.35%,$6.88B,$0.04B,0.58%,$0.04B,$0.88B,4.80%,$0.04B,$0.76B,5.64%,$0.04B,$2.12B,1.88%,$0.09B,$0.88B,11.15%,$1624,$1476,$148,$0,$123,$1605,$19,$0,$19,$8,$11,$11,$11,$25,$19,$42,42,$0.27,$0.28,$1221,$0,$0,$1717,$62,$182,$124,$3,$401,$2118,$1180,$0,$57,$57,$1238,$0,$459,$-3,$881,$2118,$40,$23,$57,$80,$-74,$0,$66,$46,$-47,$58,$-16,$0,$0,$0,$80,$80,$0,$64,$-153,$0,$-153,$-1,$-1,$0,$9,$-145,$-24,$44,$0
36,2009-09-30,24.65,$20.29,1.21,$163.84,0.15,$1.67,14.72,$-0.08,0.0,$1.69B,$1.18B,1.44,$0.00B,$0.86B,0.0,$6.86B,$0.98B,14.25%,$6.86B,$0.04B,0.51%,$6.86B,$0.04B,0.58%,$6.86B,$0.14B,2.07%,$6.86B,$0.04B,0.51%,$6.86B,$-0.00B,-0.03%,$-0.00B,$0.86B,-0.25%,$-0.00B,$0.73B,-0.29%,$-0.00B,$2.11B,-0.09%,$0.04B,$0.86B,4.29%,$1668,$1420,$247,$0,$196,$1622,$46,$0,$46,$17,$29,$29,$29,$52,$46,$42,42,$0.68,$0.68,$1231,$0,$0,$1694,$60,$185,$124,$21,$411,$2105,$1176,$0,$69,$69,$1246,$0,$447,$-2,$859,$2105,$29,$18,$38,$56,$-30,$0,$110,$-15,$-5,$70,$-10,$0,$0,$0,$82,$82,$0,$72,$-153,$0,$-153,$0,$0,$0,$-0,$-153,$-11,$30,$0
37,2009-06-30,18.49,$19.47,0.95,$163.81,0.11,$4.03,4.58,$-1.20,0.0,$1.63B,$1.21B,1.36,$0.00B,$0.82B,0.0,$6.83B,$0.92B,13.54%,$6.83B,$-0.05B,-0.79%,$6.83B,$-0.05B,-0.69%,$6.83B,$0.06B,0.81%,$6.83B,$-0.05B,-0.79%,$6.83B,$-0.05B,-0.72%,$-0.05B,$0.82B,-6.07%,$-0.05B,$0.70B,-7.40%,$-0.05B,$2.09B,-2.24%,$-0.05B,$0.82B,-6.69%,$1791,$1504,$287,$0,$215,$1726,$65,$0,$65,$28,$37,$37,$37,$72,$66,$42,42,$0.89,$0.88,$1015,$0,$0,$1633,$64,$230,$125,$18,$460,$2093,$1205,$0,$66,$66,$1271,$0,$419,$-3,$822,$2093,$0,$12,$7,$19,$-221,$0,$109,$-15,$-168,$-150,$-8,$0,$0,$0,$21,$21,$0,$13,$-152,$0,$-152,$0,$0,$0,$48,$-104,$-241,$19,$0
38,2009-03-31,11.25,$17.12,0.66,$160.42,0.07,$11.88,0.95,$-1.82,0.0,$1.74B,$1.40B,1.24,$0.00B,$0.77B,0.0,$6.68B,$0.91B,13.55%,$6.68B,$-0.09B,-1.38%,$6.68B,$-0.08B,-1.26%,$6.68B,$0.02B,0.27%,$6.68B,$-0.09B,-1.38%,$6.68B,$-0.08B,-1.12%,$-0.08B,$0.77B,-9.25%,$-0.08B,$0.65B,-11.61%,$-0.08B,$2.20B,-3.34%,$-0.09B,$0.77B,-11.35%,$1795,$1553,$242,$0,$272,$1833,$-37,$0,$-37,$-0,$-37,$-37,$-37,$-29,$-35,$42,42,$-0.89,$-0.89,$1208,$0,$0,$1738,$66,$225,$125,$27,$464,$2202,$1397,$0,$30,$30,$1427,$0,$382,$-7,$774,$2202,$-37,$6,$9,$15,$-121,$0,$137,$-13,$-82,$-106,$-5,$0,$0,$0,$23,$23,$0,$17,$-0,$0,$-0,$-1,$-1,$0,$43,$41,$-47,$10,$0
39,2008-12-31,12.86,$19.07,0.67,$156.37,0.08,$16.04,0.8,$-0.90,0.0,$1.71B,$1.37B,1.25,$0.00B,$0.81B,0.0,$6.52B,$0.90B,13.83%,$6.52B,$-0.05B,-0.80%,$6.52B,$-0.04B,-0.66%,$6.52B,$0.06B,0.90%,$6.52B,$-0.05B,-0.80%,$6.52B,$-0.04B,-0.57%,$-0.04B,$0.81B,-4.51%,$-0.04B,$0.68B,-5.82%,$-0.04B,$2.20B,-1.64%,$-0.05B,$0.81B,-6.34%,$1602,$1401,$201,$0,$155,$1642,$-39,$0,$-39,$-8,$-31,$-31,$-31,$47,$-37,$41,41,$-0.75,$-0.74,$1252,$0,$0,$1705,$67,$254,$126,$29,$499,$2203,$1365,$0,$33,$33,$1398,$0,$419,$-4,$806,$2203,$-37,$100,$16,$116,$66,$0,$117,$95,$259,$296,$-20,$0,$0,$0,$15,$15,$-87,$-91,$-2,$0,$-2,$-2,$-2,$0,$-28,$-32,$174,$39,$0
40,2008-09-30,36.0,$19.52,1.84,$151.03,0.24,$15.43,2.33,$1.26,28.57,$1.67B,$1.33B,1.26,$0.00B,$0.83B,0.0,$6.32B,$1.02B,16.21%,$6.32B,$0.08B,1.23%,$6.32B,$0.09B,1.39%,$6.32B,$0.11B,1.76%,$6.32B,$0.08B,1.23%,$6.32B,$0.05B,0.84%,$0.05B,$0.83B,6.46%,$0.05B,$0.62B,8.60%,$0.05B,$2.24B,2.39%,$0.08B,$0.83B,9.50%,$1637,$1444,$194,$0,$229,$1681,$-43,$0,$-43,$-25,$-18,$-18,$-18,$-35,$-41,$42,42,$-0.44,$-0.44,$1254,$0,$0,$1673,$66,$256,$204,$41,$567,$2241,$1330,$0,$47,$85,$1415,$0,$450,$-5,$826,$2241,$-6,$16,$22,$38,$70,$0,$131,$-31,$175,$170,$-13,$0,$0,$0,$5,$5,$0,$-9,$-1,$0,$-1,$-1,$-1,$0,$9,$7,$168,$28,$0
41,2008-06-30,36.15,$19.82,1.82,$143.78,0.25,$20.04,1.8,$3.41,10.6,$1.83B,$1.43B,1.28,$0.00B,$0.84B,0.0,$6.04B,$1.22B,20.14%,$6.04B,$0.28B,4.67%,$6.04B,$0.29B,4.85%,$6.04B,$0.32B,5.22%,$6.04B,$0.28B,4.67%,$6.04B,$0.15B,2.48%,$0.15B,$0.84B,18.72%,$0.15B,$0.63B,25.18%,$0.15B,$2.34B,6.78%,$0.28B,$0.84B,33.59%,$1645,$1377,$268,$0,$234,$1619,$27,$0,$27,$15,$11,$11,$11,$35,$29,$41,42,$0.27,$0.26,$1401,$0,$0,$1832,$65,$209,$205,$29,$507,$2339,$1433,$0,$31,$69,$1502,$0,$468,$-4,$837,$2339,$12,$10,$10,$20,$48,$0,$91,$37,$186,$179,$-8,$0,$0,$0,$57,$57,$0,$49,$-1,$0,$-1,$-0,$-0,$0,$92,$90,$318,$18,$0
42,2008-03-31,38.95,$19.40,2.01,$136.20,0.29,$24.48,1.59,$4.45,8.75,$1.71B,$1.34B,1.28,$0.00B,$0.81B,0.0,$5.72B,$1.21B,21.08%,$5.72B,$0.34B,6.01%,$5.72B,$0.36B,6.22%,$5.72B,$0.38B,6.59%,$5.72B,$0.34B,6.01%,$5.72B,$0.19B,3.39%,$0.19B,$0.81B,25.48%,$0.19B,$0.61B,34.92%,$0.19B,$2.22B,8.81%,$0.34B,$0.81B,41.04%,$1637,$1398,$239,$0,$228,$1634,$3,$0,$3,$2,$1,$1,$1,$12,$6,$41,42,$0.03,$0.03,$1305,$0,$0,$1711,$66,$209,$205,$26,$506,$2217,$1339,$0,$28,$65,$1404,$0,$457,$-2,$813,$2217,$1,$5,$11,$16,$76,$0,$64,$-50,$88,$67,$-4,$0,$0,$0,$61,$61,$0,$57,$-1,$0,$-1,$-2,$-2,$0,$104,$102,$226,$8,$0
43,2007-12-31,42.41,$19.28,2.2,$128.59,0.33,$28.04,1.51,$5.02,8.45,$1.69B,$1.20B,1.41,$0.00B,$0.81B,0.0,$5.39B,$1.18B,21.86%,$5.39B,$0.38B,7.01%,$5.39B,$0.39B,7.25%,$5.39B,$0.41B,7.61%,$5.39B,$0.38B,7.01%,$5.39B,$0.22B,4.01%,$0.22B,$0.81B,30.45%,$0.22B,$0.60B,42.99%,$0.22B,$2.08B,9.93%,$0.38B,$0.81B,45.85%,$1399,$1076,$323,$0,$223,$1308,$91,$0,$91,$31,$59,$59,$59,$99,$94,$41,42,$1.45,$1.42,$1262,$0,$0,$1691,$67,$89,$206,$30,$392,$2083,$1202,$0,$73,$73,$1275,$0,$455,$-0,$808,$2083,$216,$19,$27,$46,$-206,$0,$48,$-10,$-21,$278,$-23,$0,$0,$0,$-163,$-163,$0,$-186,$-2,$0,$-2,$13,$13,$0,$-59,$-48,$44,$19,$0
44,2007-09-30,105.43,$17.84,5.91,$122.71,0.86,$33.69,3.13,$4.99,21.13,$1.80B,$1.15B,1.56,$0.15B,$0.75B,0.21,$5.11B,$1.10B,21.62%,$5.11B,$0.36B,7.03%,$5.11B,$0.37B,7.28%,$5.11B,$0.39B,7.66%,$5.11B,$0.36B,7.03%,$5.11B,$0.20B,3.90%,$0.20B,$0.75B,31.02%,$0.20B,$0.54B,45.83%,$0.20B,$2.22B,9.62%,$0.36B,$0.90B,45.14%,$1358,$973,$386,$0,$216,$1197,$161,$0,$161,$82,$79,$79,$79,$169,$164,$41,42,$1.94,$1.88,$1490,$0,$0,$1796,$63,$87,$206,$63,$419,$2215,$1153,$153,$68,$315,$1468,$0,$396,$0,$747,$2215,$157,$14,$-25,$-11,$-24,$0,$80,$22,$223,$368,$-14,$0,$0,$0,$-193,$-193,$0,$-207,$-1,$0,$-1,$13,$13,$0,$67,$78,$239,$18,$0
45,2007-06-30,90.51,$16.27,5.56,$113.40,0.8,$32.80,2.76,$4.34,20.85,$1.95B,$1.42B,1.37,$0.15B,$0.68B,0.23,$4.69B,$0.92B,19.61%,$4.69B,$0.26B,5.61%,$4.69B,$0.28B,5.91%,$4.69B,$0.30B,6.34%,$4.69B,$0.26B,5.61%,$4.69B,$0.16B,3.41%,$0.16B,$0.68B,27.62%,$0.16B,$0.47B,43.01%,$0.16B,$2.29B,8.51%,$0.26B,$0.83B,35.87%,$1327,$1069,$258,$0,$162,$1238,$89,$0,$89,$34,$55,$55,$55,$97,$92,$41,42,$1.35,$1.31,$1639,$0,$0,$1948,$63,$74,$207,$2,$346,$2294,$1419,$153,$8,$197,$1616,$0,$348,$0,$678,$2294,$78,$9,$-39,$-30,$-27,$0,$94,$242,$306,$367,$-9,$0,$0,$0,$-60,$-60,$0,$-70,$-1,$0,$-1,$10,$10,$0,$204,$213,$511,$12,$0
46,2007-03-31,85.25,$14.67,5.81,$102.75,0.83,$30.62,2.78,$3.59,23.75,$1.77B,$1.30B,1.36,$0.15B,$0.60B,0.25,$4.21B,$0.81B,19.21%,$4.21B,$0.21B,4.99%,$4.21B,$0.23B,5.34%,$4.21B,$0.24B,5.77%,$4.21B,$0.21B,4.99%,$4.21B,$0.13B,3.02%,$0.13B,$0.60B,24.36%,$0.13B,$0.40B,40.41%,$0.13B,$2.11B,7.44%,$0.21B,$0.76B,31.09%,$1306,$1095,$211,$0,$166,$1269,$37,$0,$37,$15,$23,$23,$23,$45,$41,$40,42,$0.57,$0.55,$1496,$0,$0,$1773,$62,$61,$208,$2,$333,$2105,$1304,$154,$8,$197,$1501,$0,$294,$0,$604,$2105,$23,$5,$-26,$-21,$-28,$0,$28,$227,$205,$216,$-5,$0,$0,$0,$-32,$-32,$0,$-37,$-0,$0,$-0,$5,$5,$0,$197,$202,$380,$6,$0
47,2006-12-31,68.9,$13.13,5.25,$89.61,0.77,$30.89,2.23,$3.41,20.21,$1.34B,$0.93B,1.44,$0.15B,$0.54B,0.29,$3.64B,$0.73B,20.05%,$3.64B,$0.20B,5.53%,$3.64B,$0.22B,5.91%,$3.64B,$0.23B,6.38%,$3.64B,$0.20B,5.53%,$3.64B,$0.12B,3.33%,$0.12B,$0.54B,25.54%,$0.12B,$0.33B,45.28%,$0.12B,$1.66B,7.82%,$0.20B,$0.69B,31.99%,$1116,$868,$249,$0,$169,$1045,$72,$0,$72,$29,$42,$42,$42,$80,$75,$39,41,$1.09,$1.04,$1091,$0,$0,$1339,$61,$53,$208,$2,$325,$1664,$933,$154,$8,$194,$1127,$0,$239,$0,$537,$1664,$121,$17,$41,$58,$-114,$0,$349,$-75,$327,$508,$-32,$0,$-8,$0,$-48,$-48,$0,$-88,$-26,$0,$-26,$30,$30,$0,$118,$123,$543,$18,$0
