,Date,Stock Price,Book Value per Share,Price to Book Ratio,TTM Sales per Share,Price to Sales Ratio,TTM FCF per Share,Price to FCF Ratio,TTM Net EPS,PE Ratio,Current Assets,Current Liabilities,Current Ratio,Long Term Debt,Shareholder's Equity_x,Debt to Equity Ratio,TTM Revenue_x,TTM Gross Profit,Gross Margin,TTM Revenue_y,TTM Operating Income,Operating Margin,TTM Revenue_x,TTM EBIT,EBIT Margin,TTM Revenue_y,TTM EBITDA,EBITDA Margin,TTM Revenue_x,TTM Pre-Tax Income,Pre-Tax Margin,TTM Revenue_y,TTM Net Income_x,Net Margin,TTM Net Income_y,Shareholder's Equity_y,Return on Equity,TTM Net Income_x,Tangible Equity,Return on Tangible Equity,TTM Net Income_y,Total Assets,Return on Assets,TTM Net Income,LT Investments & Debt,Return on Investment,revenue,cost-goods-sold,gross-profit,research-development-expenses,selling-general-administrative-expenses,operating-expenses,operating-income,total-non-operating-income-expense,pre-tax-income,total-provision-income-taxes,income-after-taxes,income-from-continuous-operations,net-income,ebitda,ebit,basic-shares-outstanding,shares-outstanding,eps-basic-net-earnings-per-share,eps-earnings-per-share-diluted,cash-on-hand,inventory,other-current-assets,total-current-assets,net-property-plant-equipment,long-term-investments,goodwill-intangible-assets-total,other-long-term-assets,total-long-term-assets,total-assets,total-current-liabilities,long-term-debt,other-non-current-liabilities,total-long-term-liabilities,total-liabilities,common-stock-net,retained-earnings-accumulated-deficit,comprehensive-income,total-share-holder-equity,total-liabilities-share-holders-equity,net-income-loss,total-depreciation-amortization-cash-flow,other-non-cash-items,total-non-cash-items,change-in-accounts-receivable,change-in-inventories,change-in-accounts-payable,change-in-assets-liabilities,total-change-in-assets-liabilities,cash-flow-from-operating-activities,net-change-in-property-plant-equipment,net-change-in-intangible-assets,net-acquisitions-divestitures,net-change-in-short-term-investments,net-change-in-long-term-investments,net-change-in-investments-total,investing-activities-other,cash-flow-from-investing-activities,net-long-term-debt,net-current-debt,debt-issuance-retirement-net-total,net-common-equity-issued-repurchased,net-total-equity-issued-repurchased,total-common-preferred-stock-dividends-paid,financial-activities-other,cash-flow-from-financial-activities,net-cash-flow,stock-based-compensation,common-stock-dividends-paid
0,2018-09-30,79.77,$24.71,3.23,$18.22,4.38,$7.89,10.11,$2.75,29.01,$1.02B,$0.82B,1.26,$3.79B,$6.51B,0.58,$4.82B,$2.02B,41.86%,$4.82B,$0.81B,16.77%,$4.82B,$0.81B,16.77%,$4.82B,$1.48B,30.64%,$4.82B,$0.69B,14.26%,$4.82B,$0.73B,15.15%,$0.73B,$6.51B,11.49%,$0.73B,$0.62B,142.72%,$0.73B,$12.19B,6.06%,$0.81B,$10.30B,7.90%,$1281,$736,$545,$0,$139,$1048,$233,$-30,$203,$52,$151,$151,$151,$409,$233,$264,264,$0.57,$0.57,$244,$0,$154,$1023,$5070,$44,$5882,$173,$11169,$12192,$815,$3791,$340,$4872,$5687,$4148,$2174,$53,$6505,$12192,$415,$506,$100,$606,$0,$0,$0,$17,$17,$1038,$-370,$0,$-500,$0,$0,$0,$-1,$-870,$-222,$-0,$-222,$-40,$-40,$-110,$-23,$-396,$-229,$35,$-110
1,2018-06-30,75.15,$24.10,3.12,$17.94,4.19,$7.62,9.86,$2.65,28.36,$0.92B,$0.80B,1.15,$3.84B,$6.35B,0.6,$4.74B,$1.98B,41.81%,$4.74B,$0.79B,16.74%,$4.74B,$0.79B,16.74%,$4.74B,$1.45B,30.57%,$4.74B,$0.67B,14.17%,$4.74B,$0.70B,14.80%,$0.70B,$6.35B,11.28%,$0.70B,$0.49B,173.33%,$0.70B,$12.03B,5.86%,$0.79B,$10.18B,7.83%,$1240,$725,$515,$0,$128,$1029,$211,$-29,$181,$43,$139,$139,$139,$381,$211,$264,264,$0.53,$0.52,$146,$0,$168,$918,$5025,$44,$5859,$179,$11106,$12025,$798,$3836,$325,$4880,$5678,$4148,$2060,$15,$6347,$12025,$264,$330,$65,$395,$0,$0,$0,$6,$6,$665,$-200,$0,$-486,$0,$0,$0,$-0,$-685,$-172,$0,$-172,$-40,$-40,$-74,$-24,$-309,$-331,$20,$-74
2,2018-03-31,71.48,$23.85,3.0,$17.70,4.04,$7.27,9.84,$2.60,27.49,$0.97B,$0.74B,1.31,$3.92B,$6.28B,0.62,$4.68B,$1.96B,41.85%,$4.68B,$0.79B,16.88%,$4.68B,$0.79B,16.88%,$4.68B,$1.44B,30.67%,$4.68B,$0.67B,14.28%,$4.68B,$0.69B,14.68%,$0.69B,$6.28B,11.28%,$0.69B,$0.43B,216.89%,$0.69B,$11.96B,5.78%,$0.79B,$10.20B,7.87%,$1140,$660,$480,$0,$131,$951,$189,$-32,$157,$32,$125,$125,$125,$349,$189,$264,265,$0.47,$0.47,$218,$0,$197,$970,$4924,$44,$5851,$175,$10994,$11963,$742,$3922,$307,$4940,$5682,$4147,$1961,$57,$6281,$11963,$125,$160,$37,$198,$0,$0,$0,$-16,$-16,$307,$-90,$0,$-312,$0,$0,$0,$-0,$-402,$-71,$-0,$-71,$-40,$-40,$-37,$-19,$-167,$-262,$9,$-37
3,2017-12-31,70.54,$23.83,2.96,$17.53,4.02,$7.26,9.72,$2.18,32.31,$1.18B,$0.80B,1.47,$3.93B,$6.27B,0.63,$4.63B,$1.93B,41.60%,$4.63B,$0.63B,13.54%,$4.63B,$0.63B,13.54%,$4.63B,$1.26B,27.30%,$4.63B,$0.51B,10.99%,$4.63B,$0.58B,12.46%,$0.58B,$6.27B,9.73%,$0.58B,$0.51B,267.44%,$0.58B,$12.02B,4.91%,$0.63B,$10.21B,6.34%,$1157,$680,$477,$0,$126,$982,$175,$-29,$146,$-169,$315,$315,$315,$337,$175,$264,264,$1.19,$1.18,$434,$0,$189,$1177,$4821,$44,$5769,$203,$10838,$12015,$803,$3931,$316,$4938,$5741,$4188,$1857,$108,$6274,$12015,$577,$637,$44,$681,$-39,$0,$50,$-82,$-71,$1187,$-451,$0,$-411,$0,$0,$0,$-105,$-966,$204,$0,$204,$13,$13,$-132,$-28,$57,$279,$39,$-132
4,2017-09-30,69.43,$22.75,3.05,$17.69,3.93,$6.44,10.78,$1.32,52.6,$1.19B,$0.82B,1.46,$3.96B,$5.99B,0.66,$4.52B,$1.88B,41.57%,$4.52B,$0.59B,13.07%,$4.52B,$0.59B,13.07%,$4.52B,$1.21B,26.78%,$4.52B,$0.48B,10.53%,$4.52B,$0.35B,7.70%,$0.35B,$5.99B,6.02%,$0.35B,$0.20B,250.81%,$0.35B,$11.91B,3.02%,$0.59B,$9.95B,6.11%,$1206,$695,$511,$0,$128,$988,$219,$-31,$188,$64,$123,$123,$123,$383,$219,$263,264,$0.47,$0.47,$495,$0,$109,$1193,$4784,$0,$5797,$136,$10717,$11910,$820,$3957,$311,$5097,$5916,$4185,$1579,$115,$5994,$11910,$262,$475,$175,$650,$0,$0,$0,$-24,$-24,$888,$-292,$0,$-394,$0,$2,$2,$-3,$-687,$230,$16,$246,$9,$9,$-95,$-24,$135,$337,$32,$-95
5,2017-06-30,63.81,$22.05,2.89,$17.24,3.7,$5.46,11.68,$1.18,53.93,$1.05B,$0.73B,1.45,$4.00B,$5.81B,0.69,$4.40B,$1.82B,41.31%,$4.40B,$0.53B,12.07%,$4.40B,$0.53B,12.07%,$4.40B,$1.14B,25.90%,$4.40B,$0.42B,9.52%,$4.40B,$0.31B,7.13%,$0.31B,$5.81B,5.52%,$0.31B,$0.14B,270.69%,$0.31B,$11.66B,2.77%,$0.53B,$9.80B,5.58%,$1176,$686,$490,$0,$126,$969,$207,$-30,$177,$53,$124,$124,$124,$366,$207,$263,264,$0.47,$0.47,$400,$0,$102,$1049,$4729,$0,$5673,$203,$10606,$11655,$725,$3995,$305,$5122,$5847,$4184,$1487,$26,$5808,$11655,$139,$310,$161,$471,$0,$0,$0,$-58,$-58,$552,$-182,$0,$-348,$0,$-1,$-1,$-2,$-532,$279,$2,$281,$8,$8,$-63,$-4,$221,$241,$23,$-63
6,2017-03-31,58.15,$21.47,2.71,$16.24,3.58,$4.77,12.19,$0.85,68.68,$0.88B,$0.73B,1.21,$3.98B,$5.65B,0.7,$3.95B,$1.64B,41.46%,$3.95B,$0.39B,9.79%,$3.95B,$0.39B,9.79%,$3.95B,$0.94B,23.73%,$3.95B,$0.29B,7.21%,$3.95B,$0.22B,5.49%,$0.22B,$5.65B,3.86%,$0.22B,$0.03B,203.28%,$0.22B,$11.47B,1.94%,$0.39B,$9.63B,4.12%,$1091,$643,$448,$0,$129,$1065,$26,$-28,$-2,$-17,$15,$15,$15,$178,$26,$263,264,$0.06,$0.06,$268,$0,$122,$877,$4722,$0,$5628,$243,$10592,$11469,$725,$3977,$301,$5091,$5816,$4179,$0,$-25,$5653,$11469,$15,$152,$132,$283,$0,$0,$0,$-11,$-11,$287,$-72,$0,$-344,$0,$-1,$-1,$-1,$-419,$266,$20,$286,$4,$4,$-32,$-19,$239,$108,$13,$-32
7,2016-12-31,51.69,$21.52,2.4,$14.88,3.47,$4.54,11.38,$0.77,67.52,$0.74B,$0.69B,1.07,$3.65B,$5.66B,0.65,$3.38B,$1.42B,41.99%,$3.38B,$0.45B,13.38%,$3.38B,$0.45B,13.38%,$3.38B,$0.92B,27.24%,$3.38B,$0.36B,10.69%,$3.38B,$0.25B,7.31%,$0.25B,$5.66B,5.50%,$0.25B,$0.20B,215.25%,$0.25B,$11.10B,2.69%,$0.45B,$9.30B,5.89%,$1049,$618,$431,$0,$124,$909,$139,$-26,$113,$27,$86,$86,$86,$284,$139,$230,231,$0.35,$0.36,$154,$0,$104,$743,$4738,$0,$5457,$165,$10361,$11104,$692,$3647,$331,$4757,$5449,$4175,$1413,$-43,$5655,$11104,$247,$469,$114,$583,$-5,$0,$54,$-84,$-35,$795,$-340,$0,$49,$0,$0,$0,$-5,$-296,$-245,$0,$-245,$20,$20,$-93,$-37,$-355,$143,$45,$-93
8,2016-09-30,49.02,$21.40,2.29,$16.47,2.98,$4.67,10.49,$1.02,48.04,$0.79B,$0.69B,1.14,$3.69B,$5.62B,0.66,$2.81B,$1.19B,42.28%,$2.81B,$0.38B,13.48%,$2.81B,$0.38B,13.48%,$2.81B,$0.76B,26.96%,$2.81B,$0.40B,14.12%,$2.81B,$0.21B,7.36%,$0.21B,$5.62B,5.79%,$0.21B,$0.11B,258.75%,$0.21B,$11.19B,2.70%,$0.38B,$9.31B,5.93%,$1085,$636,$449,$0,$130,$926,$159,$-27,$131,$42,$89,$89,$89,$312,$159,$263,264,$0.34,$0.34,$119,$0,$84,$785,$4773,$0,$5515,$114,$10403,$11188,$689,$3689,$329,$4877,$5566,$4170,$1359,$-13,$5621,$11188,$162,$324,$73,$397,$0,$0,$0,$-20,$-20,$539,$-202,$0,$52,$0,$0,$0,$-3,$-153,$-205,$0,$-205,$15,$15,$-61,$-26,$-277,$108,$35,$-61
9,2016-06-30,47.18,$21.17,2.23,$15.32,3.08,$5.00,9.44,$0.98,48.25,$0.73B,$0.69B,1.07,$3.80B,$5.56B,0.68,$2.28B,$0.99B,43.38%,$2.28B,$-0.16B,-6.81%,$2.28B,$-0.16B,-6.81%,$2.28B,$0.14B,6.15%,$2.28B,$-0.13B,-5.58%,$2.28B,$-0.14B,-6.11%,$-0.14B,$5.56B,-5.68%,$-0.14B,$0.10B,-185.33%,$-0.14B,$11.09B,-2.45%,$-0.16B,$9.35B,-3.29%,$728,$416,$311,$0,$153,$664,$63,$-21,$43,$15,$28,$28,$27,$164,$63,$210,211,$0.13,$0.13,$56,$0,$89,$734,$4788,$0,$5460,$111,$10359,$11094,$685,$3796,$317,$4851,$5536,$4163,$1296,$-2,$5558,$11094,$73,$170,$47,$217,$0,$0,$0,$-30,$-30,$260,$-111,$0,$53,$0,$0,$0,$-1,$-58,$-108,$0,$-108,$8,$8,$-36,$-21,$-157,$45,$26,$-36
10,2016-03-31,42.25,$14.49,2.92,$14.72,2.87,$5.46,7.73,$1.30,32.46,$0.29B,$0.32B,0.91,$1.58B,$1.14B,1.4,$2.08B,$0.91B,43.79%,$2.08B,$-0.11B,-5.20%,$2.08B,$-0.11B,-5.20%,$2.08B,$0.16B,7.46%,$2.08B,$-0.08B,-3.61%,$2.08B,$-0.11B,-5.25%,$-0.11B,$1.14B,-8.13%,$-0.11B,$0.06B,-157.40%,$-0.11B,$3.31B,-2.93%,$-0.11B,$2.72B,-3.54%,$515,$287,$227,$0,$68,$424,$91,$-17,$74,$29,$45,$45,$45,$160,$91,$184,185,$0.25,$0.24,$44,$0,$35,$286,$1919,$1,$1076,$13,$3021,$3308,$316,$1583,$153,$1857,$2173,$1692,$-376,$-173,$1135,$3308,$45,$69,$20,$89,$0,$0,$0,$31,$31,$165,$-56,$0,$-4,$0,$0,$0,$0,$-59,$-82,$0,$-82,$0,$0,$-18,$-8,$-107,$-2,$5,$-18
11,2015-12-31,36.77,$10.85,3.39,$17.61,2.09,$5.22,7.04,$1.55,23.71,$0.36B,$0.38B,0.96,$2.17B,$1.99B,1.09,$2.02B,$0.85B,41.82%,$2.02B,$-0.16B,-7.86%,$2.02B,$-0.16B,-7.86%,$2.02B,$0.10B,4.89%,$2.02B,$-0.13B,-6.23%,$2.02B,$-0.14B,-6.72%,$-0.14B,$1.99B,-10.07%,$-0.14B,$0.06B,-161.90%,$-0.14B,$5.12B,-3.68%,$-0.16B,$4.17B,-5.24%,$484,$282,$202,$4,$63,$418,$66,$-15,$149,$62,$86,$46,$46,$122,$66,$79,79,$0.58,$0.58,$11,$0,$47,$362,$2738,$0,$1934,$87,$4759,$5122,$378,$2174,$125,$2752,$3130,$1,$1259,$-12,$1992,$5122,$124,$258,$389,$258,$17,$0,$-17,$10,$22,$415,$-249,$0,$-63,$0,$0,$-3,$4,$-311,$60,$0,$63,$-91,$-98,$-56,$-7,$-99,$-6,$20,$-66
12,2015-09-30,31.65,$0.00,0.0,$17.59,1.8,$7.96,3.97,$1.20,26.27,$0.29B,$0.31B,0.97,$1.50B,$1.11B,1.35,$2.04B,$0.95B,46.38%,$2.04B,$-0.01B,-0.64%,$2.04B,$-0.01B,-0.64%,$2.04B,$0.13B,6.36%,$2.04B,$-0.03B,-1.22%,$2.04B,$-0.16B,-7.97%,$-0.16B,$1.11B,-14.05%,$-0.16B,$0.09B,-161.39%,$-0.16B,$3.18B,-5.00%,$-0.01B,$2.60B,-0.48%,$548,$301,$247,$0,$60,$923,$-375,$-18,$-393,$-136,$-257,$-257,$-257,$-306,$-375,$185,185,$-1.39,$-1.39,$35,$0,$46,$294,$0,$1,$1023,$29,$1068,$3183,$305,$1495,$154,$1769,$2074,$1692,$-393,$0,$1109,$3183,$-147,$202,$350,$552,$0,$0,$0,$58,$58,$463,$-167,$0,$-112,$0,$0,$0,$2,$-277,$-27,$0,$-27,$-91,$-91,$-48,$-11,$-177,$9,$14,$-48
13,2015-06-30,30.61,$0.00,0.0,$20.91,1.46,$7.96,3.84,$1.41,21.68,$0.31B,$0.31B,1.02,$1.58B,$1.13B,1.4,$2.02B,$0.90B,44.57%,$2.02B,$0.43B,21.17%,$2.02B,$0.43B,21.17%,$2.02B,$0.57B,28.41%,$2.02B,$0.42B,20.87%,$2.02B,$0.14B,6.69%,$0.14B,$1.13B,11.16%,$0.14B,$0.08B,96.43%,$0.14B,$3.28B,4.09%,$0.43B,$2.71B,15.66%,$531,$297,$234,$0,$57,$421,$110,$-15,$95,$37,$58,$58,$57,$179,$110,$186,187,$0.31,$0.31,$40,$0,$56,$312,$0,$1,$1052,$22,$1106,$3276,$305,$1581,$139,$1843,$2149,$1692,$-401,$0,$1127,$3276,$110,$133,$26,$159,$0,$0,$0,$50,$50,$319,$-101,$0,$-92,$0,$0,$0,$1,$-192,$-45,$0,$-45,$-41,$-41,$-32,$-8,$-126,$1,$10,$-32
14,2015-03-31,31.19,$0.00,0.0,$24.24,1.29,$7.92,3.94,$1.45,21.46,$0.29B,$0.29B,0.98,$1.48B,$1.17B,1.26,$2.00B,$0.86B,42.85%,$2.00B,$0.38B,18.75%,$2.00B,$0.38B,18.75%,$2.00B,$0.52B,26.20%,$2.00B,$0.38B,19.05%,$2.00B,$0.12B,5.95%,$0.12B,$1.17B,9.48%,$0.12B,$0.12B,69.79%,$0.12B,$3.21B,3.57%,$0.38B,$2.65B,13.61%,$460,$298,$163,$0,$59,$420,$40,$-17,$23,$5,$18,$18,$18,$104,$40,$81,81,$0.22,$0.22,$37,$0,$48,$286,$0,$1,$1056,$17,$1100,$3211,$293,$1478,$140,$1744,$2037,$1728,$-382,$0,$1174,$3211,$18,$64,$2,$66,$0,$0,$0,$2,$2,$88,$-60,$0,$46,$0,$-0,$-0,$-0,$-14,$-40,$0,$-40,$-18,$-18,$-15,$0,$-72,$-5,$0,$-15
15,2014-12-31,28.43,$15.23,1.87,$24.23,1.17,$7.95,3.58,$1.55,18.33,$0.30B,$0.33B,0.9,$1.55B,$1.23B,1.26,$2.01B,$0.87B,43.33%,$2.01B,$0.38B,18.86%,$2.01B,$0.38B,18.86%,$2.01B,$0.53B,26.47%,$2.01B,$0.39B,19.20%,$2.01B,$0.13B,6.32%,$0.13B,$1.23B,9.91%,$0.13B,$0.13B,69.21%,$0.13B,$3.38B,3.77%,$0.38B,$2.78B,13.56%,$505,$200,$304,$0,$46,$293,$212,$-32,$250,$124,$126,$19,$19,$153,$212,$83,83,$0.24,$0.24,$42,$0,$36,$296,$1879,$1,$1103,$98,$1216,$3376,$330,$1553,$138,$1817,$2148,$1734,$-377,$-123,$1229,$3376,$127,$153,$50,$153,$-22,$0,$10,$12,$-21,$400,$0,$0,$-78,$0,$0,$0,$-212,$-289,$-93,$0,$53,$-7,$0,$-63,$-85,$-95,$10,$18,$-59
16,2014-09-30,31.26,$0.00,0.0,$24.15,1.29,$5.49,5.7,$1.74,17.92,$0.30B,$0.29B,1.03,$1.46B,$1.31B,1.12,$2.01B,$0.76B,37.82%,$2.01B,$0.23B,11.21%,$2.01B,$0.23B,11.21%,$2.01B,$0.51B,25.41%,$2.01B,$0.18B,9.12%,$2.01B,$0.14B,7.17%,$0.14B,$1.31B,11.10%,$0.14B,$0.24B,74.61%,$0.14B,$3.34B,4.27%,$0.23B,$2.77B,8.02%,$521,$324,$198,$0,$60,$456,$65,$-12,$53,$12,$41,$41,$41,$137,$65,$83,83,$0.50,$0.50,$30,$0,$47,$300,$0,$1,$1068,$85,$1184,$3337,$291,$1460,$135,$1736,$2028,$1767,$-344,$0,$1310,$3337,$108,$212,$0,$212,$0,$0,$0,$0,$-33,$283,$-150,$0,$-10,$0,$0,$-1,$-1,$-162,$0,$0,$-59,$0,$-11,$-47,$-4,$-121,$-2,$0,$0
17,2014-06-30,31.19,$0.00,0.0,$24.12,1.29,$5.31,5.87,$1.48,21.05,$0.32B,$0.32B,1.02,$1.51B,$1.31B,1.15,$2.01B,$0.76B,37.77%,$2.01B,$0.21B,10.46%,$2.01B,$0.21B,10.46%,$2.01B,$0.50B,24.96%,$2.01B,$0.16B,8.07%,$2.01B,$0.12B,6.13%,$0.12B,$1.31B,9.53%,$0.12B,$0.20B,74.43%,$0.12B,$3.40B,3.62%,$0.21B,$2.82B,7.40%,$514,$321,$192,$0,$62,$455,$58,$-3,$55,$15,$41,$41,$41,$130,$58,$83,83,$0.50,$0.50,$32,$0,$54,$322,$0,$1,$1114,$48,$1180,$3399,$315,$1505,$137,$1774,$2089,$1767,$-367,$0,$1310,$3399,$67,$139,$0,$139,$0,$0,$0,$0,$-13,$187,$-94,$0,$-10,$0,$0,$-0,$-1,$-105,$0,$0,$-36,$0,$-15,$-31,$-0,$-82,$-0,$0,$0
18,2014-03-31,28.09,$0.00,0.0,$24.15,1.16,$5.27,5.33,$1.37,20.49,$0.30B,$0.28B,1.09,$1.53B,$1.28B,1.2,$2.01B,$0.76B,38.01%,$2.01B,$0.21B,10.50%,$2.01B,$0.21B,10.50%,$2.01B,$0.50B,25.07%,$2.01B,$0.16B,7.86%,$2.01B,$0.11B,5.67%,$0.11B,$1.28B,8.90%,$0.11B,$0.17B,79.86%,$0.11B,$3.35B,3.36%,$0.21B,$2.81B,7.39%,$470,$293,$177,$0,$65,$425,$44,$-16,$28,$2,$26,$26,$26,$112,$44,$83,83,$0.32,$0.32,$43,$0,$43,$302,$0,$1,$1110,$49,$1178,$3348,$278,$1532,$133,$1791,$2070,$1764,$-388,$0,$1279,$3348,$26,$67,$0,$67,$0,$0,$0,$0,$-18,$75,$-43,$0,$-8,$0,$0,$-0,$-0,$-52,$0,$0,$9,$0,$-3,$-16,$-0,$-10,$10,$0,$0
19,2013-12-31,27.86,$0.00,0.0,$24.36,1.14,$5.31,5.25,$1.40,19.92,$0.30B,$0.30B,1.0,$1.54B,$1.29B,1.2,$2.03B,$0.78B,38.33%,$2.03B,$0.23B,11.15%,$2.03B,$0.23B,11.15%,$2.03B,$0.52B,25.75%,$2.03B,$0.18B,8.68%,$2.03B,$0.12B,5.77%,$0.12B,$1.29B,9.15%,$0.12B,$0.16B,97.10%,$0.12B,$3.39B,3.42%,$0.23B,$2.83B,7.83%,$502,$310,$192,$0,$61,$444,$58,$-11,$47,$11,$36,$36,$36,$131,$58,$83,83,$0.43,$0.43,$32,$0,$37,$302,$0,$6,$1125,$51,$1201,$3393,$302,$1542,$129,$1801,$2103,$1774,$-398,$0,$1290,$3393,$118,$296,$0,$296,$0,$0,$0,$0,$12,$451,$-253,$0,$-3,$0,$0,$-5,$-1,$-262,$0,$0,$-111,$0,$-4,$-64,$-5,$-184,$2,$0,$0
20,2013-09-30,28.82,$0.00,0.0,$24.28,1.19,$1.62,17.82,$1.11,26.02,$0.32B,$0.30B,1.07,$1.61B,$1.29B,1.25,$2.02B,$0.78B,38.40%,$2.02B,$0.23B,11.23%,$2.02B,$0.23B,11.23%,$2.02B,$0.53B,26.18%,$2.02B,$0.15B,7.57%,$2.02B,$0.09B,4.60%,$0.09B,$1.29B,7.29%,$0.09B,$0.13B,99.47%,$0.09B,$3.44B,2.70%,$0.23B,$2.89B,7.79%,$521,$323,$197,$0,$69,$471,$50,$-18,$32,$12,$20,$20,$20,$128,$50,$83,83,$0.24,$0.24,$28,$0,$42,$315,$0,$5,$1155,$38,$1216,$3440,$295,$1605,$127,$1859,$2154,$1774,$-418,$0,$1286,$3440,$82,$223,$0,$223,$0,$0,$0,$0,$-8,$320,$-201,$0,$-3,$0,$0,$-1,$-0,$-206,$0,$0,$-63,$0,$0,$-47,$-5,$-115,$-3,$0,$0
21,2013-06-30,25.97,$0.00,0.0,$23.88,1.09,$1.28,20.3,$1.26,20.61,$0.33B,$0.28B,1.16,$1.62B,$1.27B,1.27,$1.99B,$0.77B,38.70%,$1.99B,$0.24B,12.08%,$1.99B,$0.24B,12.08%,$1.99B,$0.53B,26.52%,$1.99B,$0.17B,8.71%,$1.99B,$0.11B,5.28%,$0.11B,$1.27B,8.24%,$0.11B,$0.11B,97.00%,$0.11B,$3.40B,3.10%,$0.24B,$2.88B,8.33%,$517,$319,$198,$0,$66,$458,$59,$-8,$51,$19,$32,$32,$32,$133,$59,$83,83,$0.39,$0.39,$35,$0,$35,$326,$0,$5,$1162,$31,$1216,$3400,$280,$1615,$116,$1851,$2132,$1774,$-422,$0,$1269,$3400,$62,$145,$0,$145,$0,$0,$0,$0,$-20,$200,$-110,$0,$-2,$0,$0,$-1,$-2,$-115,$0,$0,$-40,$0,$-4,$-32,$-1,$-77,$5,$0,$0
22,2013-03-31,22.57,$0.00,0.0,$23.32,0.97,$1.25,18.1,$1.20,18.74,$0.31B,$0.28B,1.11,$1.66B,$1.27B,1.31,$1.95B,$0.76B,39.07%,$1.95B,$0.25B,12.65%,$1.95B,$0.25B,12.65%,$1.95B,$0.53B,27.15%,$1.95B,$0.17B,8.79%,$1.95B,$0.10B,5.19%,$0.10B,$1.27B,7.96%,$0.10B,$0.08B,74.68%,$0.10B,$3.44B,3.04%,$0.25B,$2.93B,8.75%,$487,$297,$190,$0,$60,$428,$59,$-12,$46,$17,$29,$29,$29,$130,$59,$83,83,$0.35,$0.35,$31,$0,$47,$314,$0,$4,$1192,$33,$1247,$3437,$283,$1660,$113,$1883,$2166,$1767,$-438,$0,$1272,$3437,$29,$71,$0,$71,$0,$0,$0,$0,$-12,$95,$-60,$0,$-0,$0,$0,$0,$-2,$-62,$0,$0,$-12,$0,$-3,$-16,$-0,$-31,$0,$0,$0
23,2012-12-31,21.06,$0.00,0.0,$22.62,0.93,$1.02,20.65,$1.12,18.78,$0.31B,$0.31B,1.02,$1.68B,$1.27B,1.32,$1.90B,$0.74B,39.19%,$1.90B,$0.24B,12.50%,$1.90B,$0.24B,12.50%,$1.90B,$0.51B,27.00%,$1.90B,$0.16B,8.54%,$1.90B,$0.09B,4.96%,$0.09B,$1.27B,7.40%,$0.09B,$0.06B,52.96%,$0.09B,$3.48B,2.91%,$0.24B,$2.95B,8.66%,$496,$305,$191,$0,$60,$437,$59,$-35,$24,$12,$12,$12,$12,$138,$59,$83,83,$0.14,$0.14,$30,$0,$44,$313,$0,$4,$1217,$30,$1271,$3476,$307,$1681,$110,$1896,$2203,$1774,$-452,$0,$1273,$3476,$-94,$274,$0,$274,$0,$0,$0,$0,$-69,$69,$-178,$0,$-282,$0,$0,$-4,$-67,$-531,$0,$0,$356,$0,$-66,$-63,$-17,$210,$16,$0,$0
24,2012-09-30,18.72,$0.00,0.0,$21.95,0.85,$5.00,3.74,$-2.45,0.0,$0.29B,$0.29B,1.0,$1.47B,$1.28B,1.15,$1.86B,$0.74B,39.63%,$1.86B,$0.25B,13.19%,$1.86B,$0.25B,13.19%,$1.86B,$0.50B,26.93%,$1.86B,$-0.17B,-9.05%,$1.86B,$-0.21B,-11.52%,$-0.21B,$1.28B,-16.77%,$-0.21B,$0.19B,-93.55%,$-0.21B,$3.25B,-6.84%,$0.25B,$2.75B,9.24%,$487,$297,$190,$0,$57,$424,$63,$-10,$52,$20,$32,$32,$32,$126,$63,$83,83,$0.39,$0.39,$16,$0,$39,$290,$0,$4,$1090,$30,$1139,$3252,$291,$1468,$112,$1680,$1972,$1773,$-447,$0,$1280,$3252,$83,$195,$0,$195,$0,$0,$0,$0,$-41,$263,$-172,$0,$0,$0,$0,$0,$-118,$-289,$0,$0,$141,$0,$-66,$-47,$-1,$27,$1,$0,$0
25,2012-06-30,18.37,$0.00,0.0,$21.72,0.85,$5.85,3.14,$-2.38,0.0,$0.27B,$0.29B,0.91,$1.37B,$1.25B,1.09,$1.86B,$0.74B,39.87%,$1.86B,$0.26B,13.81%,$1.86B,$0.26B,13.81%,$1.86B,$0.52B,27.89%,$1.86B,$-0.16B,-8.49%,$1.86B,$-0.21B,-11.07%,$-0.21B,$1.25B,-15.11%,$-0.21B,$0.22B,-85.92%,$-0.21B,$3.11B,-6.49%,$0.26B,$2.62B,9.52%,$475,$287,$189,$0,$55,$410,$65,$-16,$49,$21,$28,$28,$28,$134,$65,$84,84,$0.33,$0.33,$19,$0,$35,$267,$0,$4,$1035,$10,$1065,$3105,$294,$1367,$107,$1561,$1855,$1778,$-462,$0,$1250,$3105,$50,$132,$0,$132,$0,$0,$0,$0,$-10,$188,$-100,$0,$-48,$0,$0,$0,$-1,$-149,$0,$0,$56,$0,$-60,$-31,$0,$-35,$4,$0,$0
26,2012-03-31,19.83,$0.00,0.0,$21.45,0.92,$5.69,3.49,$-2.30,0.0,$0.25B,$0.26B,0.98,$1.35B,$1.28B,1.06,$1.86B,$0.74B,40.03%,$1.86B,$0.27B,14.28%,$1.86B,$0.27B,14.28%,$1.86B,$0.53B,28.29%,$1.86B,$-0.15B,-8.08%,$1.86B,$-0.20B,-10.61%,$-0.20B,$1.28B,-13.42%,$-0.20B,$0.25B,-78.80%,$-0.20B,$3.07B,-6.02%,$0.27B,$2.63B,9.47%,$438,$265,$173,$0,$59,$388,$50,$-13,$37,$15,$22,$22,$22,$114,$50,$85,85,$0.26,$0.26,$11,$0,$42,$251,$0,$4,$1032,$28,$1082,$3074,$256,$1352,$103,$1537,$1793,$1802,$-468,$0,$1281,$3074,$22,$64,$0,$64,$0,$0,$0,$0,$-26,$65,$-49,$0,$-7,$0,$0,$-2,$0,$-58,$0,$0,$33,$0,$-29,$-15,$-0,$-11,$-3,$0,$0
27,2011-12-31,20.05,$0.00,0.0,$21.11,0.95,$5.86,3.42,$-2.30,0.0,$0.26B,$0.30B,0.88,$1.31B,$1.29B,1.01,$1.84B,$0.75B,40.52%,$1.84B,$0.27B,14.67%,$1.84B,$0.27B,14.67%,$1.84B,$0.53B,28.68%,$1.84B,$-0.15B,-7.98%,$1.84B,$-0.20B,-10.65%,$-0.20B,$1.29B,-12.56%,$-0.20B,$0.26B,-75.60%,$-0.20B,$3.08B,-5.85%,$0.27B,$2.61B,9.40%,$457,$273,$184,$0,$58,$390,$67,$-373,$-306,$-10,$-296,$-296,$-296,$126,$67,$86,86,$-3.43,$-3.43,$15,$0,$34,$261,$0,$4,$1032,$10,$1066,$3078,$297,$1312,$100,$1487,$1784,$1824,$-467,$0,$1293,$3078,$-196,$257,$0,$257,$0,$0,$0,$0,$-29,$396,$-165,$0,$-140,$0,$0,$0,$-6,$-311,$0,$0,$62,$0,$-81,$-61,$-5,$-85,$1,$0,$0
28,2011-09-30,20.34,$0.00,0.0,$20.71,0.98,$4.95,4.11,$1.38,14.69,$0.27B,$0.29B,0.94,$1.32B,$1.63B,0.81,$1.81B,$0.74B,40.63%,$1.81B,$0.26B,14.28%,$1.81B,$0.26B,14.28%,$1.81B,$0.52B,28.67%,$1.81B,$0.20B,10.97%,$1.81B,$0.12B,6.73%,$0.12B,$1.63B,7.40%,$0.12B,$0.23B,45.65%,$0.12B,$3.43B,3.56%,$0.26B,$2.94B,8.79%,$491,$294,$196,$0,$51,$415,$75,$-13,$62,$22,$40,$40,$40,$145,$75,$87,87,$0.46,$0.46,$17,$0,$30,$271,$0,$4,$1394,$24,$1443,$3432,$288,$1315,$110,$1516,$1804,$1853,$-147,$0,$1628,$3432,$100,$199,$0,$199,$0,$0,$0,$0,$-39,$280,$-111,$0,$-140,$0,$0,$0,$-5,$-256,$0,$0,$74,$0,$-42,$-46,$-5,$-20,$3,$0,$0
29,2011-06-30,18.96,$0.00,0.0,$20.08,0.94,$4.17,4.54,$1.20,15.74,$0.29B,$0.29B,1.0,$1.34B,$1.67B,0.8,$1.76B,$0.72B,40.82%,$1.76B,$0.24B,13.81%,$1.76B,$0.24B,13.81%,$1.76B,$0.50B,28.20%,$1.76B,$0.18B,9.95%,$1.76B,$0.11B,6.03%,$0.11B,$1.67B,6.44%,$0.11B,$0.26B,39.96%,$0.11B,$3.51B,3.13%,$0.24B,$3.01B,8.39%,$470,$280,$190,$0,$50,$396,$73,$-17,$57,$20,$37,$37,$37,$140,$73,$87,87,$0.42,$0.42,$13,$0,$38,$294,$0,$4,$1415,$27,$1465,$3506,$294,$1336,$106,$1541,$1835,$1865,$-168,$0,$1671,$3506,$60,$129,$0,$129,$0,$0,$0,$0,$-54,$147,$-69,$0,$-90,$0,$0,$0,$0,$-159,$0,$0,$66,$0,$-23,$-31,$-1,$11,$-1,$0,$0
30,2011-03-31,17.09,$0.00,0.0,$19.14,0.89,$4.41,3.87,$1.08,15.82,$0.25B,$0.26B,0.96,$1.29B,$1.65B,0.78,$1.59B,$0.65B,41.10%,$1.59B,$0.21B,13.28%,$1.59B,$0.21B,13.28%,$1.59B,$0.44B,27.69%,$1.59B,$0.15B,9.57%,$1.59B,$0.09B,5.60%,$0.09B,$1.65B,6.00%,$0.09B,$0.29B,32.90%,$0.09B,$3.39B,2.95%,$0.21B,$2.94B,8.23%,$423,$247,$176,$0,$59,$368,$55,$-14,$40,$17,$23,$23,$23,$117,$55,$88,88,$0.26,$0.26,$12,$0,$41,$251,$0,$4,$1363,$30,$1418,$3394,$263,$1286,$102,$1483,$1745,$1863,$-189,$0,$1649,$3394,$23,$63,$0,$63,$0,$0,$0,$0,$-35,$55,$-23,$0,$-12,$0,$0,$-1,$0,$-36,$0,$0,$19,$0,$-23,$-15,$-1,$-21,$-2,$0,$0
31,2010-12-31,16.23,$0.00,0.0,$18.24,0.89,$4.40,3.68,$1.07,15.22,$0.25B,$0.30B,0.83,$1.26B,$1.65B,0.76,$1.43B,$0.59B,41.26%,$1.43B,$0.19B,13.29%,$1.43B,$0.19B,13.29%,$1.43B,$0.40B,27.69%,$1.43B,$0.14B,9.65%,$1.43B,$0.08B,5.80%,$0.08B,$1.65B,6.25%,$0.08B,$0.29B,31.23%,$0.08B,$3.39B,3.10%,$0.19B,$2.91B,8.39%,$430,$255,$175,$0,$56,$374,$56,$-17,$40,$18,$22,$22,$22,$118,$56,$80,88,$0.25,$0.25,$14,$0,$30,$251,$0,$4,$1354,$15,$1394,$3390,$303,$1258,$97,$1441,$1744,$1878,$-189,$0,$1647,$3390,$82,$208,$0,$208,$0,$0,$0,$0,$-15,$294,$-140,$0,$-301,$0,$0,$-3,$24,$-420,$0,$0,$196,$0,$3,$-49,$-16,$134,$8,$0,$0
32,2010-09-30,15.47,$0.00,0.0,$17.24,0.9,$4.70,3.29,$0.97,15.96,$0.25B,$0.27B,0.92,$1.12B,$1.61B,0.7,$1.26B,$0.53B,41.60%,$1.26B,$0.17B,13.23%,$1.26B,$0.17B,13.23%,$1.26B,$0.35B,27.50%,$1.26B,$0.12B,9.83%,$1.26B,$0.07B,5.63%,$0.07B,$1.61B,6.07%,$0.07B,$0.23B,26.94%,$0.07B,$3.24B,3.04%,$0.17B,$2.73B,8.54%,$436,$259,$177,$0,$56,$378,$59,$-21,$38,$14,$24,$24,$24,$121,$59,$79,87,$0.28,$0.28,$8,$0,$32,$249,$0,$3,$1386,$32,$1444,$3243,$270,$1122,$95,$1360,$1631,$1641,$-194,$0,$1612,$3243,$60,$145,$0,$145,$0,$0,$0,$0,$-44,$173,$-72,$0,$-125,$0,$0,$0,$0,$-196,$0,$0,$73,$0,$2,$-34,$-16,$26,$2,$0,$0
33,2010-06-30,13.61,$0.00,0.0,$16.22,0.84,$5.15,2.64,$0.97,14.04,$0.16B,$0.19B,0.85,$0.66B,$1.03B,0.64,$1.09B,$0.46B,42.05%,$1.09B,$0.15B,13.25%,$1.09B,$0.15B,13.25%,$1.09B,$0.31B,27.88%,$1.09B,$0.12B,10.51%,$1.09B,$0.07B,6.03%,$0.07B,$1.03B,6.45%,$0.07B,$0.28B,23.63%,$0.07B,$2.03B,3.27%,$0.15B,$1.68B,8.59%,$300,$175,$125,$0,$41,$259,$41,$-7,$34,$14,$20,$20,$20,$84,$41,$60,67,$0.29,$0.29,$9,$0,$18,$158,$0,$3,$750,$9,$772,$2033,$186,$657,$75,$820,$1006,$1084,$-203,$0,$1026,$2033,$37,$83,$0,$83,$0,$0,$0,$0,$-2,$125,$-49,$0,$-54,$0,$0,$0,$0,$-103,$0,$0,$6,$0,$-0,$-23,$-2,$-19,$3,$0,$0
34,2010-03-31,13.2,$0.00,0.0,$16.07,0.82,$5.03,2.63,$0.93,14.23,$0.15B,$0.17B,0.89,$0.71B,$1.03B,0.69,$1.05B,$0.44B,41.98%,$1.05B,$0.14B,12.88%,$1.05B,$0.14B,12.88%,$1.05B,$0.29B,28.05%,$1.05B,$0.11B,10.02%,$1.05B,$0.06B,5.82%,$0.06B,$1.03B,6.35%,$0.06B,$0.27B,27.48%,$0.06B,$2.05B,3.05%,$0.14B,$1.73B,8.30%,$264,$151,$113,$0,$40,$230,$34,$-7,$26,$10,$17,$17,$17,$73,$34,$59,67,$0.28,$0.25,$7,$0,$23,$148,$0,$3,$760,$11,$783,$2054,$165,$705,$73,$861,$1027,$1084,$-210,$0,$1027,$2054,$17,$40,$0,$40,$0,$0,$0,$0,$-15,$44,$-20,$0,$-52,$0,$0,$0,$0,$-73,$0,$0,$42,$0,$-0,$-11,$-0,$31,$2,$0,$0
35,2009-12-31,12.92,$0.00,0.0,$16.54,0.78,$5.31,2.43,$0.87,14.81,$0.14B,$0.18B,0.77,$0.66B,$1.02B,0.65,$1.01B,$0.42B,41.67%,$1.01B,$0.13B,12.50%,$1.01B,$0.13B,12.50%,$1.01B,$0.28B,28.17%,$1.01B,$0.09B,9.33%,$1.01B,$0.05B,5.36%,$0.05B,$1.02B,6.20%,$0.05B,$0.28B,38.85%,$0.05B,$2.00B,2.75%,$0.13B,$1.67B,8.17%,$262,$152,$110,$0,$41,$229,$33,$-7,$26,$16,$10,$10,$10,$69,$33,$59,67,$0.17,$0.15,$5,$0,$20,$137,$0,$0,$731,$11,$752,$1998,$179,$655,$67,$803,$982,$1083,$-215,$0,$1016,$1998,$54,$157,$0,$157,$0,$0,$0,$0,$27,$256,$-118,$0,$-27,$0,$0,$-2,$-1,$-149,$0,$0,$-253,$0,$209,$-71,$-2,$-117,$-7,$0,$0
36,2009-09-30,11.1,$0.00,0.0,$17.57,0.63,$3.26,3.41,$0.89,12.53,$0.15B,$0.17B,0.86,$0.65B,$0.23B,2.79,$0.99B,$0.55B,55.96%,$0.99B,$0.34B,34.04%,$0.99B,$0.34B,34.04%,$0.99B,$0.46B,46.36%,$0.99B,$0.31B,31.52%,$0.99B,$0.05B,5.25%,$0.05B,$1.02B,8.43%,$0.05B,$0.29B,76.47%,$0.05B,$1.99B,3.55%,$0.34B,$1.67B,29.98%,$268,$156,$112,$0,$33,$231,$37,$-8,$29,$10,$19,$19,$19,$79,$37,$59,67,$0.28,$0.28,$9,$0,$20,$148,$0,$0,$733,$9,$751,$1994,$173,$647,$78,$799,$972,$0,$0,$0,$1022,$1994,$44,$121,$0,$121,$0,$0,$0,$0,$15,$193,$-84,$0,$-22,$0,$0,$-2,$-0,$-109,$0,$0,$-254,$0,$209,$-39,$-0,$-85,$-3,$0,$0
