,Date,Stock Price,Book Value per Share,Price to Book Ratio,TTM Sales per Share,Price to Sales Ratio,TTM FCF per Share,Price to FCF Ratio,TTM Net EPS,PE Ratio,Current Assets,Current Liabilities,Current Ratio,Long Term Debt,Shareholder's Equity_x,Debt to Equity Ratio,TTM Revenue_x,TTM Gross Profit,Gross Margin,TTM Revenue_y,TTM Operating Income,Operating Margin,TTM Revenue_x,TTM EBIT,EBIT Margin,TTM Revenue_y,TTM EBITDA,EBITDA Margin,TTM Revenue_x,TTM Pre-Tax Income,Pre-Tax Margin,TTM Revenue_y,TTM Net Income_x,Net Margin,TTM Net Income_y,Shareholder's Equity_y,Return on Equity,TTM Net Income_x,Tangible Equity,Return on Tangible Equity,TTM Net Income_y,Total Assets,Return on Assets,TTM Net Income,LT Investments & Debt,Return on Investment,revenue,cost-goods-sold,gross-profit,research-development-expenses,selling-general-administrative-expenses,operating-expenses,operating-income,total-non-operating-income-expense,pre-tax-income,total-provision-income-taxes,income-after-taxes,income-from-continuous-operations,net-income,ebitda,ebit,basic-shares-outstanding,shares-outstanding,eps-basic-net-earnings-per-share,eps-earnings-per-share-diluted,cash-on-hand,inventory,other-current-assets,total-current-assets,net-property-plant-equipment,long-term-investments,goodwill-intangible-assets-total,other-long-term-assets,total-long-term-assets,total-assets,total-current-liabilities,long-term-debt,other-non-current-liabilities,total-long-term-liabilities,total-liabilities,common-stock-net,retained-earnings-accumulated-deficit,comprehensive-income,total-share-holder-equity,total-liabilities-share-holders-equity,net-income-loss,total-depreciation-amortization-cash-flow,other-non-cash-items,total-non-cash-items,change-in-accounts-receivable,change-in-inventories,change-in-accounts-payable,change-in-assets-liabilities,total-change-in-assets-liabilities,cash-flow-from-operating-activities,net-change-in-property-plant-equipment,net-change-in-intangible-assets,net-acquisitions-divestitures,net-change-in-short-term-investments,net-change-in-long-term-investments,net-change-in-investments-total,investing-activities-other,cash-flow-from-investing-activities,net-long-term-debt,net-current-debt,debt-issuance-retirement-net-total,net-common-equity-issued-repurchased,net-total-equity-issued-repurchased,total-common-preferred-stock-dividends-paid,financial-activities-other,cash-flow-from-financial-activities,net-cash-flow,stock-based-compensation,common-stock-dividends-paid
0,2018-09-30,58.54,$39.36,1.49,$67.84,0.86,$27.79,2.11,$1.59,36.82,$10.57B,$4.39B,2.41,$10.93B,$11.38B,0.96,$20.49B,$7.46B,36.38%,$20.49B,$3.40B,16.58%,$20.49B,$3.40B,16.58%,$20.49B,$5.62B,27.43%,$20.49B,$1.96B,9.55%,$20.49B,$0.51B,2.46%,$0.51B,$11.38B,4.44%,$0.51B,$-1.10B,-33.15%,$0.51B,$28.71B,1.73%,$3.40B,$22.31B,15.06%,$5028,$3364,$1664,$576,$356,$4342,$686,$-103,$583,$72,$511,$511,$511,$1175,$686,$292,298,$1.75,$1.71,$4646,$3119,$587,$10571,$3054,$0,$12476,$576,$18134,$28705,$4385,$10930,$2015,$12945,$17330,$3,$9172,$-76,$11375,$28705,$511,$489,$302,$791,$-22,$-175,$-50,$-404,$-597,$705,$-277,$0,$0,$-11,$9,$-2,$20,$-259,$-38,$0,$-38,$-555,$-555,$-148,$-66,$-807,$-359,$79,$-148
1,2018-06-30,77.41,$38.96,1.99,$67.90,1.14,$29.55,2.62,$2.11,36.69,$10.64B,$4.46B,2.39,$10.99B,$11.53B,0.95,$20.65B,$7.71B,37.32%,$20.65B,$3.62B,17.52%,$20.65B,$3.62B,17.52%,$20.65B,$5.89B,28.55%,$20.65B,$2.09B,10.10%,$20.65B,$0.68B,3.27%,$0.68B,$11.53B,5.85%,$0.68B,$-1.22B,-41.21%,$0.68B,$29.24B,2.28%,$3.62B,$22.52B,15.58%,$5117,$3265,$1852,$577,$352,$4274,$843,$-114,$729,$-27,$756,$756,$756,$1345,$843,$297,307,$2.54,$2.55,$5005,$2944,$492,$10638,$3095,$0,$12755,$642,$18597,$29235,$4456,$10993,$2255,$13248,$17704,$3,$8757,$-39,$11531,$29235,$675,$2277,$767,$3044,$-244,$-598,$38,$1333,$486,$4205,$-809,$0,$-100,$-89,$67,$-22,$-724,$-1655,$-3234,$500,$-2734,$-371,$-371,$-593,$-202,$-3900,$-1349,$377,$-593
2,2018-03-31,91.67,$37.79,2.43,$67.59,1.36,$28.22,3.25,$0.58,158.06,$10.16B,$4.26B,2.39,$11.08B,$11.30B,0.98,$20.37B,$7.53B,36.98%,$20.37B,$3.43B,16.82%,$20.37B,$3.43B,16.82%,$20.37B,$5.76B,28.26%,$20.37B,$1.77B,8.69%,$20.37B,$0.20B,0.98%,$0.20B,$11.30B,1.73%,$0.20B,$-1.74B,-10.27%,$0.20B,$29.00B,0.67%,$3.43B,$22.38B,14.47%,$5013,$3086,$1927,$602,$376,$4099,$914,$-1042,$-128,$-189,$61,$61,$61,$1598,$914,$298,308,$0.20,$0.20,$4983,$2670,$500,$10164,$3011,$0,$13035,$634,$18840,$29004,$4259,$11076,$2369,$13445,$17704,$3,$8155,$46,$11300,$29004,$-81,$1775,$700,$2475,$-58,$-324,$35,$1382,$948,$3342,$-619,$0,$-99,$-66,$55,$-11,$-677,$-1406,$-3197,$500,$-2697,$-9,$-9,$-443,$-188,$-3337,$-1391,$299,$-443
3,2017-12-31,78.58,$37.95,2.07,$66.87,1.18,$26.28,2.99,$1.21,64.95,$11.11B,$4.35B,2.55,$11.78B,$11.27B,1.05,$20.01B,$7.13B,35.64%,$20.01B,$3.04B,15.18%,$20.01B,$3.04B,15.18%,$20.01B,$5.26B,26.29%,$20.01B,$2.20B,11.01%,$20.01B,$0.39B,1.93%,$0.39B,$11.27B,3.37%,$0.39B,$-2.03B,-16.90%,$0.39B,$29.84B,1.29%,$3.04B,$23.05B,12.62%,$5336,$3323,$2013,$629,$381,$4381,$955,$-181,$774,$1597,$-823,$-823,$-823,$1503,$955,$296,296,$-2.78,$-2.78,$6295,$2281,$485,$11113,$3054,$0,$13306,$522,$18727,$29840,$4353,$11777,$2438,$14215,$18568,$3,$8250,$-46,$11272,$29840,$-142,$1091,$95,$1186,$-99,$65,$-232,$1425,$1271,$2315,$-406,$0,$-99,$-57,$45,$-12,$-490,$-1007,$-1151,$0,$-1151,$99,$99,$-295,$-44,$-1391,$-82,$196,$-295
4,2017-09-30,84.85,$40.88,2.08,$65.46,1.3,$23.82,3.56,$4.79,17.71,$11.82B,$4.47B,2.65,$12.87B,$12.06B,1.07,$19.56B,$6.65B,34.00%,$19.56B,$2.63B,13.43%,$19.56B,$2.63B,13.43%,$19.56B,$4.83B,24.68%,$19.56B,$1.75B,8.95%,$19.56B,$1.44B,7.38%,$1.44B,$12.06B,12.77%,$1.44B,$-1.56B,-53.26%,$1.44B,$30.51B,4.86%,$2.63B,$24.93B,10.85%,$5181,$3268,$1913,$592,$364,$4276,$905,$-195,$710,$29,$681,$681,$681,$1448,$905,$295,306,$2.31,$2.23,$6921,$2302,$496,$11820,$3048,$0,$13618,$557,$18685,$30505,$4469,$12873,$1104,$13977,$18446,$3,$9229,$-59,$12059,$30505,$681,$543,$145,$688,$-148,$44,$-126,$-132,$-236,$1133,$-155,$0,$-93,$-38,$16,$-22,$-108,$-378,$-62,$0,$-62,$20,$20,$-147,$-35,$-224,$532,$97,$-147
5,2017-06-30,86.51,$38.84,2.23,$65.07,1.33,$21.52,4.02,$1.28,67.58,$11.06B,$4.34B,2.55,$12.92B,$11.42B,1.13,$19.09B,$6.07B,31.80%,$19.09B,$1.95B,10.23%,$19.09B,$1.95B,10.23%,$19.09B,$4.37B,22.87%,$19.09B,$0.77B,4.03%,$19.09B,$0.40B,2.08%,$0.40B,$11.42B,3.61%,$0.40B,$-2.42B,-11.97%,$0.40B,$29.86B,1.35%,$1.95B,$24.34B,8.16%,$4842,$3161,$1681,$604,$345,$4190,$652,$-237,$415,$135,$280,$280,$280,$1208,$652,$288,296,$0.98,$0.99,$6354,$2341,$413,$11056,$3033,$0,$13837,$594,$18804,$29860,$4344,$12918,$1180,$14098,$18442,$3,$8633,$-58,$11418,$29860,$397,$2413,$536,$2949,$-487,$-204,$261,$175,$91,$3437,$-557,$0,$0,$-281,$491,$210,$-289,$-636,$-3789,$0,$-3789,$296,$296,$-574,$-528,$-4595,$-1797,$394,$-574
6,2017-03-31,80.15,$37.91,2.11,$63.16,1.27,$17.58,4.56,$-0.99,0.0,$10.31B,$4.31B,2.39,$12.91B,$11.03B,1.17,$17.75B,$5.21B,29.37%,$17.75B,$1.11B,6.24%,$17.75B,$1.11B,6.24%,$17.75B,$3.42B,19.27%,$17.75B,$-0.13B,-0.74%,$17.75B,$-0.25B,-1.40%,$-0.25B,$11.03B,-2.28%,$-0.25B,$-3.13B,6.78%,$-0.25B,$29.45B,-0.83%,$1.11B,$23.94B,4.60%,$4649,$3126,$1523,$613,$346,$4124,$525,$-221,$304,$56,$248,$248,$248,$1102,$525,$289,299,$0.86,$0.83,$5677,$2254,$434,$10313,$3099,$0,$14156,$589,$19135,$29448,$4309,$12907,$1201,$14108,$18417,$3,$8507,$-96,$11031,$29448,$117,$1857,$453,$2310,$-489,$-117,$344,$83,$71,$2498,$-432,$0,$0,$-274,$485,$211,$-225,$-446,$-4271,$0,$-4271,$184,$184,$-428,$-31,$-4546,$-2499,$303,$-428
7,2016-12-31,65.59,$37.26,1.76,$59.67,1.1,$15.77,4.16,$-1.50,0.0,$9.61B,$4.09B,2.35,$12.94B,$10.73B,1.21,$15.92B,$4.44B,27.90%,$15.92B,$0.67B,4.21%,$15.92B,$0.67B,4.21%,$15.92B,$2.65B,16.67%,$15.92B,$-0.36B,-2.23%,$15.92B,$-0.42B,-2.66%,$-0.42B,$10.73B,-4.00%,$-0.42B,$-3.74B,33.91%,$-0.42B,$28.98B,-1.60%,$0.67B,$23.68B,3.19%,$4888,$3355,$1533,$585,$358,$4343,$545,$-224,$321,$86,$235,$235,$235,$1070,$545,$286,294,$0.82,$0.80,$5101,$2085,$416,$9606,$3238,$0,$14474,$575,$19369,$28975,$4088,$12944,$1211,$14155,$18243,$3,$8411,$-197,$10732,$28975,$-131,$1280,$388,$1668,$-540,$52,$186,$12,$-37,$1500,$-329,$0,$0,$-239,$314,$75,$-62,$-316,$-4262,$0,$-4262,$151,$151,$-284,$9,$-4386,$-3211,$201,$-284
8,2016-09-30,56.03,$37.81,1.48,$57.22,0.98,$15.39,3.64,$-1.23,0.0,$9.12B,$3.92B,2.33,$13.06B,$10.78B,1.21,$14.35B,$3.82B,26.59%,$14.35B,$0.38B,2.62%,$14.35B,$0.38B,2.62%,$14.35B,$2.09B,14.55%,$14.35B,$-0.43B,-3.01%,$14.35B,$-0.41B,-2.84%,$-0.41B,$10.78B,-3.96%,$-0.41B,$-3.98B,-31.00%,$-0.41B,$29.01B,-1.76%,$0.38B,$23.83B,2.09%,$4714,$3379,$1335,$639,$396,$4482,$232,$-503,$-271,$95,$-366,$-366,$-366,$987,$232,$285,285,$-1.28,$-1.28,$4325,$2109,$666,$9123,$3359,$0,$14758,$553,$19887,$29010,$3919,$13055,$1261,$14316,$18235,$3,$8329,$115,$10775,$29010,$-366,$755,$256,$1011,$-562,$28,$120,$-79,$-205,$440,$-183,$0,$0,$-84,$73,$-11,$-8,$-202,$-4250,$0,$-4250,$85,$85,$-142,$-5,$-4312,$-4074,$99,$-142
9,2016-06-30,44.9,$39.24,1.14,$55.04,0.82,$16.17,2.78,$1.26,35.64,$12.58B,$6.95B,1.81,$13.66B,$11.15B,1.23,$12.99B,$3.44B,26.44%,$12.99B,$0.47B,3.59%,$12.99B,$0.47B,3.59%,$12.99B,$1.66B,12.77%,$12.99B,$0.15B,1.18%,$12.99B,$0.24B,1.86%,$0.24B,$11.15B,2.44%,$0.24B,$-3.84B,6.25%,$0.24B,$32.86B,1.23%,$0.47B,$24.81B,3.13%,$3495,$2674,$821,$494,$400,$3690,$-195,$-290,$-485,$-119,$-366,$-366,$-366,$261,$-195,$239,242,$-1.62,$-1.60,$8378,$2129,$616,$12584,$3503,$0,$14985,$619,$20278,$32862,$6949,$13660,$1108,$14768,$21717,$3,$8848,$103,$11145,$32862,$242,$1193,$174,$1367,$466,$306,$-414,$8,$374,$1983,$-584,$0,$-9835,$-632,$1609,$977,$-166,$-9608,$14795,$-255,$14540,$466,$466,$-464,$-3791,$10751,$3127,$191,$-464
10,2016-03-31,44.4,$41.24,1.08,$54.06,0.82,$17.27,2.57,$3.54,12.54,$8.74B,$2.78B,3.14,$2.00B,$9.61B,0.21,$12.69B,$3.54B,27.93%,$12.69B,$0.92B,7.22%,$12.69B,$0.92B,7.22%,$12.69B,$1.90B,15.00%,$12.69B,$0.89B,6.97%,$12.69B,$0.83B,6.52%,$0.83B,$9.61B,8.78%,$0.83B,$6.58B,13.02%,$0.83B,$14.95B,5.44%,$0.92B,$11.61B,7.96%,$2822,$2069,$753,$359,$166,$2734,$88,$-8,$80,$6,$74,$74,$74,$335,$88,$233,234,$0.32,$0.32,$6033,$1227,$226,$8740,$2687,$0,$3034,$486,$6207,$14947,$2781,$2000,$557,$2557,$5338,$3,$9363,$32,$9609,$14947,$608,$737,$153,$890,$278,$138,$-301,$-54,$130,$1628,$-433,$0,$0,$-462,$907,$445,$-23,$-11,$-364,$0,$-364,$4,$4,$-347,$-47,$-754,$863,$121,$-347
11,2015-12-31,55.83,$41.19,1.36,$57.04,0.98,$17.69,3.16,$4.85,11.51,$8.95B,$3.25B,2.76,$2.06B,$9.56B,0.22,$13.42B,$3.82B,28.49%,$13.42B,$1.25B,9.31%,$13.42B,$1.25B,9.31%,$13.42B,$2.27B,16.95%,$13.42B,$1.22B,9.07%,$13.42B,$1.14B,8.48%,$1.14B,$9.56B,12.19%,$1.14B,$6.50B,18.24%,$1.14B,$15.47B,7.45%,$1.25B,$11.62B,10.89%,$3317,$2411,$906,$389,$239,$3066,$251,$-7,$244,$-7,$251,$251,$251,$504,$251,$232,234,$1.08,$1.07,$5860,$1238,$200,$8948,$2801,$0,$3058,$659,$6518,$15466,$3245,$2062,$602,$2664,$5909,$3,$9407,$-8,$9557,$15466,$534,$490,$118,$608,$-118,$127,$-58,$30,$1,$1143,$-300,$0,$0,$-408,$266,$-142,$-12,$-454,$-63,$0,$-63,$-6,$-6,$-231,$-50,$-350,$339,$79,$-231
12,2015-09-30,73.22,$40.42,1.81,$59.20,1.24,$17.33,4.23,$5.71,12.82,$8.66B,$3.23B,2.68,$2.11B,$9.34B,0.23,$13.99B,$4.03B,28.79%,$13.99B,$1.46B,10.47%,$13.99B,$1.46B,10.47%,$13.99B,$2.53B,18.06%,$13.99B,$1.43B,10.23%,$13.99B,$1.33B,9.47%,$1.33B,$9.34B,14.38%,$1.33B,$6.25B,21.54%,$1.33B,$15.26B,8.72%,$1.46B,$11.45B,12.85%,$3360,$2405,$955,$385,$192,$3038,$322,$-8,$314,$31,$283,$283,$283,$559,$322,$231,234,$1.23,$1.21,$5428,$1260,$351,$8655,$2890,$0,$3085,$631,$6606,$15261,$3231,$2109,$585,$2694,$5925,$3,$9273,$-44,$9336,$15261,$283,$237,$53,$290,$-84,$105,$-71,$-2,$-28,$545,$-151,$0,$0,$-236,$124,$-112,$-10,$-273,$-31,$0,$-31,$-45,$-45,$-115,$-24,$-215,$57,$42,$-115
13,2015-06-30,71.87,$40.08,1.79,$61.27,1.17,$19.12,3.76,$6.26,11.48,$8.51B,$3.24B,2.63,$2.15B,$9.22B,0.23,$14.57B,$4.22B,28.97%,$14.57B,$1.61B,11.06%,$14.57B,$1.61B,11.06%,$14.57B,$2.73B,18.70%,$14.57B,$1.58B,10.82%,$14.57B,$1.47B,10.05%,$1.47B,$9.22B,16.06%,$1.47B,$6.12B,24.06%,$1.47B,$15.17B,9.59%,$1.61B,$11.37B,14.20%,$3191,$2261,$930,$381,$205,$2936,$255,$-8,$247,$27,$220,$220,$220,$505,$255,$232,237,$0.96,$0.95,$5286,$1368,$327,$8513,$2965,$0,$3098,$594,$6657,$15170,$3238,$2149,$564,$2713,$5951,$3,$9107,$-20,$9219,$15170,$1465,$1114,$256,$1370,$458,$-143,$-148,$97,$-593,$2242,$-612,$0,$-257,$-857,$768,$-89,$5,$-953,$130,$0,$130,$-758,$-758,$-396,$-45,$-1069,$220,$162,$-396
14,2015-03-31,82.88,$39.94,2.08,$62.89,1.32,$21.28,3.89,$6.64,12.48,$8.43B,$3.22B,2.62,$2.20B,$9.23B,0.24,$15.03B,$4.32B,28.74%,$15.03B,$1.71B,11.36%,$15.03B,$1.71B,11.36%,$15.03B,$2.88B,19.16%,$15.03B,$1.68B,11.16%,$15.03B,$1.56B,10.39%,$1.56B,$9.23B,17.30%,$1.56B,$6.08B,25.96%,$1.56B,$15.18B,10.16%,$1.71B,$11.43B,15.13%,$3550,$2518,$1032,$402,$199,$3129,$421,$-9,$412,$28,$384,$384,$384,$706,$421,$231,236,$1.66,$1.63,$5040,$1322,$371,$8429,$3051,$0,$3145,$551,$6747,$15176,$3218,$2203,$529,$2732,$5950,$3,$9004,$-3,$9226,$15176,$1245,$864,$115,$979,$294,$-96,$8,$62,$-470,$1754,$-449,$0,$-247,$-22,$0,$-22,$6,$-712,$-94,$0,$-94,$-626,$-626,$-280,$-34,$-1034,$8,$117,$-280
15,2014-12-31,100.26,$39.15,2.56,$63.15,1.59,$22.52,4.45,$6.56,15.28,$8.66B,$3.29B,2.63,$2.25B,$9.08B,0.25,$15.19B,$4.36B,28.74%,$15.19B,$1.71B,11.23%,$15.19B,$1.71B,11.23%,$15.19B,$2.90B,19.10%,$15.19B,$1.67B,11.00%,$15.19B,$1.55B,10.23%,$1.55B,$9.08B,17.42%,$1.55B,$6.16B,26.26%,$1.55B,$15.14B,10.08%,$1.71B,$11.33B,15.22%,$3888,$2778,$1110,$426,$164,$3422,$466,$-8,$458,$20,$438,$438,$438,$756,$466,$233,238,$1.88,$1.84,$5143,$1282,$355,$8660,$3099,$0,$2925,$455,$6479,$15139,$3289,$2250,$518,$2768,$6057,$3,$8738,$-32,$9082,$15139,$861,$579,$105,$684,$109,$-56,$94,$75,$-475,$1070,$-299,$0,$-6,$-595,$630,$35,$16,$-254,$-63,$0,$-63,$-420,$-420,$-187,$-48,$-718,$98,$80,$-187
16,2014-09-30,87.46,$38.30,2.28,$63.16,1.38,$23.80,3.67,$6.40,13.67,$8.99B,$3.92B,2.3,$2.28B,$8.96B,0.25,$15.27B,$4.41B,28.88%,$15.27B,$1.72B,11.25%,$15.27B,$1.72B,11.25%,$15.27B,$2.94B,19.25%,$15.27B,$1.68B,11.00%,$15.27B,$1.55B,10.12%,$1.55B,$8.96B,17.58%,$1.55B,$6.00B,26.97%,$1.55B,$15.65B,10.01%,$1.72B,$11.24B,15.73%,$3943,$2794,$1149,$437,$220,$3474,$469,$-9,$460,$37,$423,$423,$423,$758,$469,$234,240,$1.81,$1.76,$5381,$1272,$422,$8990,$3202,$0,$2965,$495,$6662,$15652,$3918,$2281,$490,$2771,$6689,$3,$8394,$-14,$8963,$15652,$423,$289,$54,$343,$74,$-46,$49,$-24,$61,$827,$6,$0,$0,$-120,$0,$-120,$-12,$-126,$-31,$0,$-31,$-184,$-184,$-94,$-37,$-346,$355,$39,$-94
17,2014-06-30,82.95,$37.79,2.2,$62.45,1.33,$22.58,3.67,$6.69,12.4,$8.72B,$3.85B,2.27,$2.31B,$8.84B,0.26,$15.13B,$4.36B,28.82%,$15.13B,$1.79B,11.84%,$15.13B,$1.79B,11.84%,$15.13B,$3.04B,20.06%,$15.13B,$1.75B,11.58%,$15.13B,$1.62B,10.69%,$1.62B,$8.84B,18.78%,$1.62B,$5.83B,28.74%,$1.62B,$15.50B,10.62%,$1.79B,$11.16B,16.91%,$3651,$2622,$1029,$426,$254,$3299,$352,$-5,$347,$30,$317,$317,$317,$660,$352,$235,242,$1.36,$1.31,$5088,$1226,$417,$8720,$3293,$0,$3013,$473,$6779,$15499,$3845,$2313,$499,$2812,$6657,$3,$8066,$12,$8842,$15499,$1617,$1244,$189,$1433,$-175,$0,$-32,$-30,$-234,$2816,$-628,$0,$-823,$-561,$72,$-489,$4,$-1936,$475,$0,$475,$-629,$-629,$-259,$28,$-385,$495,$156,$-259
18,2014-03-31,82.16,$37.31,2.2,$62.52,1.31,$22.35,3.68,$7.08,11.6,$8.31B,$3.75B,2.22,$2.34B,$8.77B,0.27,$15.21B,$4.38B,28.81%,$15.21B,$1.22B,8.01%,$15.21B,$1.22B,8.01%,$15.21B,$2.46B,16.15%,$15.21B,$1.18B,7.73%,$15.21B,$1.04B,6.81%,$1.04B,$8.77B,12.36%,$1.04B,$5.67B,18.81%,$1.04B,$15.33B,6.96%,$1.22B,$11.11B,11.93%,$3703,$2627,$1076,$418,$201,$3284,$419,$-13,$406,$31,$375,$375,$375,$726,$419,$235,242,$1.60,$1.55,$4865,$1277,$362,$8306,$3406,$0,$3097,$523,$7026,$15332,$3747,$2344,$473,$2817,$6564,$3,$7845,$-4,$8768,$15332,$1300,$936,$57,$993,$12,$-51,$-113,$-13,$-189,$2104,$-467,$0,$-823,$-470,$0,$-470,$4,$-1756,$506,$0,$506,$-419,$-419,$-189,$14,$-88,$260,$125,$-189
19,2013-12-31,74.82,$36.20,2.07,$62.58,1.2,$22.19,3.37,$7.13,10.49,$8.29B,$4.62B,1.79,$1.61B,$8.58B,0.19,$15.27B,$4.37B,28.60%,$15.27B,$1.22B,7.96%,$15.27B,$1.22B,7.96%,$15.27B,$2.46B,16.09%,$15.27B,$1.18B,7.70%,$15.27B,$1.05B,6.88%,$1.05B,$8.58B,12.68%,$1.05B,$5.42B,18.98%,$1.05B,$15.28B,7.24%,$1.22B,$10.19B,12.18%,$3972,$2816,$1156,$416,$226,$3494,$478,$-11,$467,$37,$430,$430,$430,$795,$478,$236,243,$1.82,$1.77,$4655,$1293,$381,$8288,$3509,$0,$3162,$323,$6994,$15282,$4620,$1610,$473,$2083,$6703,$3,$7541,$-49,$8579,$15282,$925,$629,$18,$647,$-145,$-66,$86,$-34,$-166,$1406,$-306,$0,$-823,$0,$0,$0,$4,$-1125,$-115,$500,$385,$-203,$-203,$-118,$1,$65,$346,$84,$-118
20,2013-09-30,56.33,$34.97,1.61,$61.78,0.91,$22.06,2.55,$6.72,8.38,$8.26B,$4.43B,1.87,$1.67B,$8.25B,0.2,$15.12B,$4.27B,28.23%,$15.12B,$1.22B,8.04%,$15.12B,$1.22B,8.04%,$15.12B,$2.45B,16.19%,$15.12B,$1.18B,7.78%,$15.12B,$0.96B,6.32%,$0.96B,$8.25B,11.65%,$0.96B,$5.59B,17.10%,$0.96B,$14.81B,6.74%,$1.22B,$9.92B,12.21%,$3804,$2705,$1099,$401,$132,$3262,$542,$-10,$532,$37,$495,$495,$495,$854,$542,$236,242,$2.10,$2.05,$4869,$1244,$357,$8261,$3638,$0,$2667,$240,$6545,$14806,$4427,$1668,$458,$2126,$6553,$3,$7183,$-19,$8253,$14806,$495,$312,$-26,$286,$25,$-21,$22,$-23,$-101,$680,$-136,$0,$-263,$0,$0,$0,$39,$-360,$-58,$0,$-58,$-128,$-128,$-59,$485,$240,$560,$42,$-59
21,2013-06-30,54.95,$33.30,1.65,$62.07,0.89,$22.01,2.5,$6.73,8.17,$7.60B,$3.97B,1.91,$1.73B,$7.89B,0.22,$15.35B,$4.36B,28.42%,$15.35B,$1.27B,8.25%,$15.35B,$1.27B,8.25%,$15.35B,$2.50B,16.28%,$15.35B,$1.22B,7.96%,$15.35B,$0.98B,6.38%,$0.98B,$7.89B,12.02%,$0.98B,$5.33B,17.72%,$0.98B,$14.04B,6.99%,$1.27B,$9.62B,12.71%,$3728,$2678,$1050,$402,$180,$3949,$-221,$-9,$-230,$35,$-265,$-265,$-265,$81,$-221,$241,246,$-1.06,$-1.04,$4309,$1188,$308,$7598,$3700,$0,$2559,$179,$6438,$14036,$3973,$1725,$445,$2170,$6143,$3,$6749,$-35,$7893,$14036,$980,$1233,$191,$1424,$584,$22,$-511,$-16,$715,$3119,$-952,$0,$-1,$-17,$0,$-17,$0,$-970,$-230,$0,$-230,$-657,$-657,$-181,$20,$-1048,$1101,$137,$-181
22,2013-03-31,44.33,$35.39,1.25,$66.32,0.67,$23.10,1.92,$7.89,5.62,$7.34B,$3.23B,2.28,$1.78B,$8.42B,0.21,$16.38B,$4.79B,29.22%,$16.38B,$2.30B,14.01%,$16.38B,$2.30B,14.01%,$16.38B,$3.57B,21.77%,$16.38B,$2.25B,13.76%,$16.38B,$1.99B,12.15%,$1.99B,$8.42B,24.59%,$1.99B,$5.81B,36.71%,$1.99B,$13.93B,14.16%,$2.30B,$10.21B,23.04%,$3764,$2703,$1061,$396,$185,$3347,$417,$-11,$406,$15,$391,$391,$391,$726,$417,$239,245,$1.64,$1.60,$4060,$1197,$383,$7340,$3803,$0,$2610,$174,$6587,$13927,$3226,$1783,$495,$2278,$5504,$3,$7073,$20,$8423,$13927,$1245,$931,$182,$1113,$665,$13,$-434,$-50,$77,$2435,$-816,$0,$-1,$0,$0,$0,$-17,$-834,$-173,$0,$-173,$-484,$-484,$-121,$29,$-749,$852,$107,$-121
23,2012-12-31,37.26,$34.22,1.09,$63.30,0.59,$22.77,1.64,$8.25,4.52,$7.18B,$3.33B,2.16,$1.84B,$8.25B,0.22,$15.65B,$4.70B,30.04%,$15.65B,$2.42B,15.47%,$15.65B,$2.42B,15.47%,$15.65B,$3.57B,22.81%,$15.65B,$2.39B,15.24%,$15.65B,$2.08B,13.31%,$2.08B,$8.25B,26.55%,$2.08B,$5.63B,40.43%,$2.08B,$13.93B,14.66%,$2.42B,$10.09B,24.77%,$3824,$2765,$1059,$378,$162,$3346,$478,$-10,$468,$133,$335,$335,$335,$787,$478,$242,246,$1.38,$1.36,$3816,$1204,$423,$7175,$3938,$0,$2616,$200,$6754,$13929,$3326,$1840,$516,$2356,$5682,$3,$6744,$8,$8247,$13929,$854,$622,$154,$776,$633,$7,$-352,$-41,$78,$1708,$-628,$0,$-27,$0,$0,$0,$-15,$-670,$-58,$0,$-58,$-278,$-278,$-121,$27,$-430,$608,$71,$-121
24,2012-09-30,33.74,$33.07,1.02,$56.17,0.6,$20.39,1.65,$7.50,4.5,$7.19B,$3.70B,1.95,$1.90B,$8.04B,0.24,$13.82B,$4.29B,31.04%,$13.82B,$2.10B,15.23%,$13.82B,$2.10B,15.23%,$13.82B,$3.08B,22.32%,$13.82B,$2.08B,15.03%,$13.82B,$1.89B,13.69%,$1.89B,$8.04B,26.06%,$1.89B,$5.35B,36.60%,$1.89B,$14.17B,14.93%,$2.10B,$9.94B,24.07%,$4035,$2842,$1193,$396,$179,$3443,$592,$-14,$578,$59,$519,$519,$519,$905,$592,$246,252,$2.11,$2.06,$3537,$1304,$394,$7186,$4027,$0,$2690,$269,$6986,$14172,$3695,$1898,$542,$2440,$6135,$3,$6470,$14,$8037,$14172,$519,$313,$27,$340,$413,$-94,$-67,$-62,$77,$936,$-382,$0,$-9,$0,$0,$0,$0,$-391,$-58,$0,$-58,$-183,$-183,$0,$25,$-216,$329,$39,$0
25,2012-06-30,26.38,$31.17,0.85,$51.53,0.51,$19.12,1.38,$6.45,4.09,$7.14B,$4.03B,1.77,$1.96B,$7.67B,0.26,$12.48B,$3.64B,29.16%,$12.48B,$1.77B,14.19%,$12.48B,$1.77B,14.19%,$12.48B,$2.60B,20.80%,$12.48B,$1.76B,14.08%,$12.48B,$1.61B,12.92%,$1.61B,$7.67B,24.12%,$1.61B,$4.90B,30.95%,$1.61B,$14.21B,14.33%,$1.77B,$9.62B,22.96%,$4754,$3282,$1472,$406,$178,$3946,$808,$-7,$801,$56,$745,$745,$745,$1147,$808,$241,245,$3.04,$3.00,$3208,$1210,$359,$7141,$4067,$0,$2774,$224,$7065,$14206,$4032,$1955,$550,$2505,$6537,$3,$6012,$-15,$7669,$14206,$1612,$825,$306,$1131,$162,$88,$132,$70,$324,$3067,$-641,$0,$-3526,$0,$0,$0,$0,$-4167,$-1493,$0,$-1493,$-530,$-530,$0,$2842,$819,$-282,$92,$0
26,2012-03-31,35.83,$28.41,1.26,$42.35,0.85,$12.94,2.77,$4.25,8.43,$7.45B,$4.54B,1.64,$2.01B,$7.42B,0.27,$10.13B,$2.64B,26.02%,$10.13B,$1.14B,11.21%,$10.13B,$1.14B,11.21%,$10.13B,$1.77B,17.49%,$10.13B,$1.13B,11.13%,$10.13B,$1.03B,10.12%,$1.03B,$7.42B,16.70%,$1.03B,$4.73B,19.34%,$1.03B,$14.51B,10.54%,$1.14B,$9.43B,16.90%,$3035,$2058,$977,$265,$155,$2493,$542,$-4,$538,$55,$483,$483,$483,$730,$542,$241,246,$2.00,$1.96,$3377,$1282,$409,$7445,$4171,$0,$2691,$203,$7065,$14510,$4535,$2013,$546,$2559,$7094,$3,$5267,$-4,$7416,$14510,$867,$486,$222,$708,$122,$17,$227,$24,$363,$1938,$-393,$0,$-3541,$0,$0,$0,$0,$-3934,$-935,$0,$-935,$41,$41,$0,$2783,$1889,$-113,$61,$0
27,2011-12-31,26.79,$25.20,1.06,$39.55,0.68,$9.13,2.93,$2.91,9.21,$5.40B,$1.55B,3.48,$0.05B,$5.92B,0.01,$9.34B,$2.07B,22.13%,$9.34B,$0.75B,8.04%,$9.34B,$0.75B,8.04%,$9.34B,$1.35B,14.45%,$9.34B,$0.75B,8.01%,$9.34B,$0.69B,7.36%,$0.69B,$5.92B,12.26%,$0.69B,$5.71B,12.76%,$0.69B,$7.81B,8.54%,$0.75B,$5.97B,13.09%,$1995,$1347,$648,$191,$96,$1833,$162,$-2,$160,$15,$145,$145,$145,$302,$162,$234,237,$0.62,$0.61,$3924,$466,$261,$5398,$2091,$0,$214,$104,$2409,$7807,$1552,$50,$282,$332,$1884,$2,$4784,$-14,$5923,$7807,$384,$298,$168,$466,$459,$111,$-675,$-13,$-120,$730,$-253,$0,$0,$0,$0,$0,$0,$-253,$-63,$0,$-63,$23,$23,$0,$-3,$-43,$434,$41,$0
28,2011-09-30,22.26,$24.46,0.91,$41.67,0.53,$9.02,2.47,$3.26,6.83,$5.93B,$2.35B,2.52,$0.10B,$5.72B,0.02,$9.82B,$1.90B,19.29%,$9.82B,$0.83B,8.44%,$9.82B,$0.83B,8.44%,$9.82B,$1.44B,14.65%,$9.82B,$0.83B,8.42%,$9.82B,$0.77B,7.82%,$0.77B,$5.72B,14.17%,$0.77B,$5.51B,14.78%,$0.77B,$8.47B,9.52%,$0.83B,$5.82B,14.83%,$2694,$2153,$541,$193,$89,$2435,$259,$-1,$258,$19,$239,$239,$239,$417,$259,$233,237,$1.03,$1.01,$3675,$645,$250,$5926,$2209,$0,$218,$114,$2541,$8467,$2354,$100,$290,$390,$2744,$2,$4639,$-24,$5723,$8467,$239,$158,$26,$184,$-150,$-68,$157,$7,$-71,$352,$-134,$0,$0,$0,$0,$0,$0,$-134,$-31,$0,$-31,$2,$2,$0,$-4,$-33,$185,$17,$0
29,2011-06-30,31.49,$23.55,1.34,$40.54,0.78,$8.91,3.53,$3.09,10.19,$5.49B,$2.17B,2.53,$0.15B,$5.49B,0.03,$9.53B,$1.79B,18.80%,$9.53B,$0.78B,8.20%,$9.53B,$0.78B,8.20%,$9.53B,$1.38B,14.52%,$9.53B,$0.78B,8.19%,$9.53B,$0.73B,7.62%,$0.73B,$5.49B,13.91%,$0.73B,$5.27B,14.55%,$0.73B,$8.12B,9.23%,$0.78B,$5.64B,14.39%,$2403,$1934,$469,$188,$84,$2231,$172,$-1,$171,$13,$158,$158,$158,$322,$172,$231,235,$0.67,$0.67,$3490,$577,$214,$5487,$2224,$0,$222,$185,$2631,$8118,$2170,$150,$310,$460,$2630,$2,$4400,$-5,$5488,$8118,$726,$602,$89,$691,$50,$-17,$178,$-44,$238,$1655,$-778,$0,$-15,$0,$0,$0,$0,$-793,$-106,$0,$-106,$8,$8,$0,$-8,$-106,$756,$69,$0
30,2011-03-31,32.28,$22.91,1.41,$40.54,0.8,$10.35,3.12,$3.55,9.09,$5.15B,$2.00B,2.58,$0.20B,$5.32B,0.04,$9.51B,$1.86B,19.54%,$9.51B,$0.90B,9.48%,$9.51B,$0.90B,9.48%,$9.51B,$1.49B,15.64%,$9.51B,$0.90B,9.48%,$9.51B,$0.83B,8.76%,$0.83B,$5.32B,16.58%,$0.83B,$5.09B,17.38%,$0.83B,$7.84B,10.87%,$0.90B,$5.52B,17.10%,$2252,$1842,$410,$179,$73,$2094,$158,$1,$159,$13,$146,$146,$146,$309,$158,$232,236,$0.63,$0.62,$3230,$574,$178,$5153,$2249,$0,$226,$211,$2686,$7839,$1995,$200,$328,$528,$2523,$2,$4242,$8,$5316,$7839,$568,$452,$58,$510,$86,$-14,$71,$13,$130,$1208,$-625,$0,$0,$0,$0,$0,$0,$-625,$-75,$0,$-75,$-15,$-15,$0,$3,$-87,$496,$54,$0
31,2010-12-31,29.34,$22.24,1.32,$42.28,0.69,$12.27,2.39,$4.64,6.32,$5.12B,$2.14B,2.39,$0.23B,$5.16B,0.05,$9.89B,$2.11B,21.35%,$9.89B,$1.18B,11.97%,$9.89B,$1.18B,11.97%,$9.89B,$1.75B,17.67%,$9.89B,$1.18B,11.95%,$9.89B,$1.09B,10.99%,$1.09B,$5.16B,22.63%,$1.09B,$4.93B,23.77%,$1.09B,$7.84B,14.58%,$1.18B,$5.39B,23.30%,$2475,$2000,$475,$169,$66,$2235,$240,$-1,$239,$14,$225,$225,$225,$391,$240,$230,235,$0.98,$0.96,$3110,$568,$192,$5120,$2277,$0,$230,$216,$2723,$7843,$2144,$231,$309,$540,$2684,$2,$4096,$21,$5159,$7843,$422,$301,$38,$339,$7,$-8,$157,$-9,$134,$895,$-450,$0,$0,$0,$0,$0,$0,$-450,$-50,$0,$-50,$-26,$-26,$0,$7,$-69,$376,$37,$0
32,2010-09-30,24.57,$21.35,1.15,$43.04,0.57,$13.03,1.89,$5.53,4.44,$4.96B,$2.17B,2.28,$0.26B,$4.91B,0.05,$10.04B,$2.32B,23.15%,$10.04B,$1.42B,14.12%,$10.04B,$1.42B,14.12%,$10.04B,$1.96B,19.49%,$10.04B,$1.41B,14.09%,$10.04B,$1.29B,12.86%,$1.29B,$4.91B,28.62%,$1.29B,$4.68B,30.14%,$1.29B,$7.66B,18.08%,$1.42B,$5.17B,29.41%,$2396,$1959,$437,$167,$59,$2185,$211,$0,$211,$14,$197,$197,$197,$361,$211,$230,234,$0.86,$0.84,$2858,$561,$217,$4961,$2245,$0,$233,$216,$2694,$7655,$2174,$262,$308,$570,$2744,$2,$3871,$39,$4911,$7655,$197,$150,$19,$169,$-68,$-1,$162,$-17,$24,$390,$-200,$0,$0,$0,$0,$0,$0,$-200,$-25,$0,$-25,$-48,$-48,$0,$7,$-66,$124,$19,$0
33,2010-06-30,26.11,$20.39,1.28,$42.40,0.62,$13.34,1.96,$5.94,4.39,$4.72B,$2.02B,2.33,$0.29B,$4.71B,0.06,$9.85B,$2.40B,24.38%,$9.85B,$1.53B,15.48%,$9.85B,$1.53B,15.48%,$9.85B,$2.04B,20.66%,$9.85B,$1.52B,15.43%,$9.85B,$1.38B,14.03%,$1.38B,$4.71B,33.19%,$1.38B,$4.48B,35.09%,$1.38B,$7.33B,20.66%,$1.53B,$5.00B,33.89%,$2382,$1847,$535,$155,$88,$2090,$292,$0,$292,$27,$265,$265,$265,$426,$292,$228,233,$1.14,$1.12,$2734,$560,$170,$4720,$2159,$0,$234,$215,$2608,$7328,$2023,$294,$302,$596,$2619,$2,$3674,$11,$4709,$7328,$1382,$510,$87,$597,$-330,$-148,$270,$104,$-37,$1942,$-737,$0,$-253,$0,$4,$4,$0,$-986,$-82,$0,$-82,$79,$79,$0,$-13,$-16,$940,$60,$0
34,2010-03-31,33.75,$19.35,1.74,$40.71,0.83,$11.77,2.87,$5.67,5.95,$4.78B,$1.96B,2.44,$0.33B,$4.43B,0.07,$9.40B,$2.24B,23.79%,$9.40B,$1.44B,15.33%,$9.40B,$1.44B,15.33%,$9.40B,$1.94B,20.62%,$9.40B,$1.43B,15.26%,$9.40B,$1.31B,13.96%,$1.31B,$4.43B,34.67%,$1.31B,$4.21B,36.85%,$1.31B,$7.00B,21.23%,$1.44B,$4.76B,34.75%,$2641,$1976,$665,$160,$64,$2200,$441,$-1,$440,$40,$400,$400,$400,$570,$441,$229,234,$1.75,$1.71,$2826,$507,$188,$4778,$1756,$0,$219,$247,$2222,$7000,$1957,$325,$287,$612,$2569,$2,$3410,$22,$4431,$7000,$1118,$376,$41,$417,$-331,$-131,$420,$67,$44,$1579,$-552,$0,$0,$0,$4,$4,$0,$-548,$-57,$0,$-57,$54,$54,$0,$4,$1,$1032,$43,$0
35,2009-12-31,38.21,$17.50,2.18,$36.47,1.05,$9.81,3.9,$4.18,9.14,$4.42B,$2.01B,2.2,$0.35B,$3.99B,0.09,$8.35B,$1.82B,21.85%,$8.35B,$1.06B,12.71%,$8.35B,$1.06B,12.71%,$8.35B,$1.55B,18.54%,$8.35B,$1.05B,12.60%,$8.35B,$0.96B,11.52%,$0.96B,$3.99B,28.09%,$0.96B,$3.77B,30.08%,$0.96B,$6.59B,16.94%,$1.06B,$4.34B,27.83%,$2619,$1932,$687,$154,$60,$2146,$473,$-2,$471,$42,$429,$429,$429,$599,$473,$227,232,$1.89,$1.85,$2435,$453,$163,$4416,$1696,$0,$222,$251,$2169,$6585,$2007,$350,$237,$587,$2594,$2,$3009,$4,$3991,$6585,$717,$247,$22,$269,$-439,$-77,$428,$36,$5,$991,$-375,$0,$0,$0,$3,$3,$0,$-372,$-38,$0,$-38,$47,$47,$0,$13,$22,$641,$27,$0
36,2009-09-30,31.62,$15.66,2.02,$33.32,0.95,$8.49,3.73,$2.39,13.23,$3.75B,$1.75B,2.14,$0.38B,$3.52B,0.11,$7.55B,$1.43B,18.90%,$7.55B,$0.60B,8.00%,$7.55B,$0.60B,8.00%,$7.55B,$1.09B,14.39%,$7.55B,$0.59B,7.79%,$7.55B,$0.55B,7.24%,$0.55B,$3.52B,17.33%,$0.55B,$3.30B,18.61%,$0.55B,$5.85B,10.37%,$0.60B,$3.90B,16.93%,$2208,$1694,$514,$142,$53,$1889,$319,$-2,$317,$29,$288,$288,$288,$440,$319,$225,230,$1.28,$1.25,$2056,$395,$168,$3750,$1625,$0,$225,$249,$2099,$5849,$1749,$375,$202,$577,$2326,$2,$2580,$9,$3523,$5849,$288,$121,$13,$134,$-205,$-19,$258,$1,$12,$434,$-176,$0,$0,$0,$0,$0,$0,$-176,$-19,$0,$-19,$15,$15,$0,$8,$4,$262,$13,$0
37,2009-06-30,22.94,$14.19,1.62,$33.05,0.69,$7.98,2.87,$2.07,11.08,$3.23B,$1.53B,2.12,$0.40B,$3.19B,0.13,$7.45B,$1.34B,17.94%,$7.45B,$0.52B,6.96%,$7.45B,$0.52B,6.96%,$7.45B,$1.00B,13.39%,$7.45B,$0.50B,6.72%,$7.45B,$0.47B,6.31%,$0.47B,$3.19B,15.68%,$0.47B,$2.96B,16.86%,$0.47B,$5.29B,9.24%,$0.52B,$3.59B,15.13%,$1929,$1559,$370,$132,$53,$1721,$208,$-2,$206,$11,$195,$195,$195,$329,$208,$222,226,$0.89,$0.87,$1794,$376,$134,$3230,$1584,$0,$228,$249,$2061,$5291,$1525,$400,$174,$574,$2099,$2,$2292,$2,$3192,$5291,$470,$479,$158,$637,$92,$88,$-33,$28,$198,$1305,$-490,$0,$-63,$0,$2,$2,$0,$-551,$-27,$0,$-27,$-8,$-8,$0,$-29,$-64,$690,$47,$0
38,2009-03-31,16.74,$13.30,1.26,$33.33,0.5,$7.84,2.13,$2.15,7.79,$2.92B,$1.42B,2.05,$0.43B,$2.99B,0.14,$7.52B,$1.39B,18.53%,$7.52B,$0.55B,7.34%,$7.52B,$0.55B,7.34%,$7.52B,$1.02B,13.61%,$7.52B,$0.53B,7.08%,$7.52B,$0.49B,6.49%,$0.49B,$2.99B,16.98%,$0.49B,$2.76B,18.26%,$0.49B,$4.99B,9.79%,$0.55B,$3.42B,16.59%,$1592,$1339,$253,$125,$49,$1531,$61,$-3,$58,$8,$50,$50,$50,$180,$61,$223,226,$0.22,$0.22,$1579,$385,$134,$2922,$1570,$0,$231,$269,$2070,$4992,$1423,$425,$152,$577,$2000,$2,$2096,$-3,$2992,$4992,$274,$358,$131,$489,$190,$79,$-99,$16,$193,$956,$-408,$0,$-44,$0,$1,$1,$0,$-451,$-7,$0,$-7,$-23,$-23,$0,$0,$-30,$475,$33,$0
39,2008-12-31,9.91,$12.98,0.76,$35.59,0.28,$8.50,1.17,$3.16,3.14,$2.90B,$1.47B,1.97,$0.44B,$2.92B,0.15,$8.04B,$1.62B,20.12%,$8.04B,$0.79B,9.82%,$8.04B,$0.79B,9.82%,$8.04B,$1.25B,15.58%,$8.04B,$0.76B,9.51%,$8.04B,$0.72B,8.93%,$0.72B,$2.92B,26.30%,$0.72B,$2.74B,28.28%,$0.72B,$4.97B,14.74%,$0.79B,$3.37B,24.63%,$1823,$1533,$290,$119,$42,$1807,$16,$-9,$7,$-7,$14,$14,$14,$138,$16,$222,224,$0.06,$0.06,$1376,$446,$129,$2895,$1620,$0,$186,$270,$2076,$4971,$1472,$444,$134,$578,$2050,$2,$2047,$-11,$2921,$4971,$225,$239,$103,$342,$84,$10,$-63,$-8,$34,$601,$-302,$0,$0,$0,$1,$1,$0,$-301,$-5,$0,$-5,$-24,$-24,$0,$1,$-28,$272,$21,$0
40,2008-09-30,18.45,$12.83,1.44,$37.20,0.5,$8.96,2.06,$4.45,4.15,$2.95B,$1.60B,1.85,$0.46B,$2.89B,0.16,$8.42B,$1.84B,21.86%,$8.42B,$1.11B,13.13%,$8.42B,$1.11B,13.13%,$8.42B,$1.56B,18.50%,$8.42B,$1.07B,12.75%,$8.42B,$1.01B,11.99%,$1.01B,$2.89B,39.85%,$1.01B,$2.69B,43.05%,$1.01B,$5.09B,21.12%,$1.11B,$3.35B,38.18%,$2109,$1685,$424,$133,$57,$1875,$234,$-4,$230,$19,$211,$211,$211,$351,$234,$222,226,$0.95,$0.93,$1215,$477,$147,$2948,$1674,$0,$194,$276,$2144,$5092,$1596,$462,$147,$609,$2205,$2,$2033,$-14,$2887,$5092,$211,$117,$13,$130,$-72,$-21,$76,$-30,$-40,$301,$-162,$0,$0,$0,$1,$1,$0,$-161,$-2,$0,$-2,$-35,$-35,$0,$6,$-31,$109,$10,$0
41,2008-06-30,29.89,$12.04,2.48,$35.75,0.84,$8.60,3.48,$3.83,7.8,$2.73B,$1.56B,1.75,$0.48B,$2.70B,0.18,$8.07B,$1.74B,21.54%,$8.07B,$1.01B,12.46%,$8.07B,$1.01B,12.46%,$8.07B,$1.42B,17.57%,$8.07B,$0.98B,12.15%,$8.07B,$0.87B,10.74%,$0.87B,$2.70B,38.42%,$0.87B,$2.50B,41.87%,$0.87B,$4.88B,18.86%,$1.01B,$3.18B,40.15%,$1993,$1567,$426,$128,$57,$1752,$241,$-4,$237,$24,$213,$213,$213,$354,$241,$221,226,$0.96,$0.95,$1104,$456,$161,$2731,$1668,$0,$197,$279,$2144,$4875,$1564,$482,$133,$615,$2179,$2,$1822,$-12,$2696,$4875,$867,$413,$97,$510,$-194,$8,$114,$56,$22,$1399,$-615,$0,$-927,$221,$0,$221,$0,$-1321,$237,$0,$237,$5,$5,$0,$84,$326,$404,$37,$0
42,2008-03-31,23.4,$10.74,2.18,$32.98,0.71,$6.43,3.64,$3.92,5.97,$2.63B,$1.49B,1.76,$0.50B,$2.42B,0.21,$7.45B,$1.52B,20.38%,$7.45B,$0.84B,11.33%,$7.45B,$0.84B,11.33%,$7.45B,$1.21B,16.18%,$7.45B,$0.83B,11.16%,$7.45B,$0.87B,11.63%,$0.87B,$2.42B,43.05%,$0.87B,$2.23B,46.22%,$0.87B,$4.54B,21.10%,$0.84B,$2.92B,39.39%,$2111,$1634,$477,$123,$56,$1813,$298,$-8,$290,$10,$280,$280,$280,$409,$298,$222,227,$1.26,$1.23,$949,$455,$175,$2629,$1529,$0,$187,$198,$1914,$4543,$1494,$503,$129,$632,$2126,$2,$1609,$43,$2417,$4543,$654,$300,$164,$464,$-198,$8,$181,$41,$51,$1169,$-469,$0,$-925,$-103,$325,$222,$0,$-1172,$242,$0,$242,$-18,$-18,$0,$-4,$220,$217,$27,$0
43,2007-12-31,26.15,$9.45,2.77,$29.92,0.87,$4.35,6.01,$3.22,8.12,$2.65B,$2.35B,1.13,$0.00B,$2.13B,0.0,$6.75B,$1.26B,18.72%,$6.75B,$0.66B,9.80%,$6.75B,$0.66B,9.80%,$6.75B,$0.97B,14.32%,$6.75B,$0.66B,9.83%,$6.75B,$0.71B,10.48%,$0.71B,$2.13B,39.46%,$0.71B,$1.95B,41.88%,$0.71B,$4.60B,19.47%,$0.66B,$2.13B,36.72%,$2204,$1691,$513,$122,$59,$1872,$332,$-16,$316,$11,$305,$305,$305,$443,$332,$220,226,$1.39,$1.35,$967,$459,$114,$2653,$1560,$0,$174,$213,$1947,$4600,$2352,$4,$117,$121,$2473,$2,$1329,$5,$2127,$4600,$374,$189,$136,$325,$-270,$5,$202,$63,$39,$738,$-332,$0,$-915,$-102,$309,$207,$0,$-1040,$-257,$760,$503,$18,$18,$0,$-2,$519,$217,$17,$0
44,2007-09-30,21.92,$7.93,2.76,$26.49,0.83,$3.13,7.0,$2.44,8.98,$2.45B,$2.46B,0.99,$0.01B,$1.79B,0.0,$5.97B,$1.01B,16.83%,$5.97B,$0.45B,7.55%,$5.97B,$0.45B,7.55%,$5.97B,$0.69B,11.62%,$5.97B,$0.48B,7.96%,$5.97B,$0.53B,8.88%,$0.53B,$1.79B,32.80%,$0.53B,$1.60B,34.26%,$0.53B,$4.37B,17.00%,$0.45B,$1.79B,27.69%,$1766,$1443,$323,$91,$48,$1631,$135,$3,$138,$69,$69,$69,$69,$213,$135,$219,224,$0.31,$0.31,$851,$461,$108,$2447,$1516,$0,$187,$224,$1927,$4374,$2463,$7,$117,$124,$2587,$2,$1023,$2,$1787,$4374,$69,$78,$117,$195,$-173,$3,$72,$41,$-45,$219,$-163,$0,$-911,$-28,$93,$65,$0,$-1009,$-3,$750,$747,$-6,$-6,$0,$0,$741,$-49,$8,$0
45,2007-06-30,16.75,$7.63,2.2,$24.22,0.69,$3.13,5.35,$2.59,6.47,$2.03B,$1.13B,1.8,$0.01B,$1.72B,0.01,$5.47B,$0.90B,16.46%,$5.47B,$0.42B,7.59%,$5.47B,$0.42B,7.59%,$5.47B,$0.63B,11.43%,$5.47B,$0.44B,8.10%,$5.47B,$0.56B,10.31%,$0.56B,$1.72B,37.92%,$0.56B,$1.71B,38.70%,$0.56B,$2.90B,21.65%,$0.42B,$1.73B,27.57%,$1366,$1161,$205,$79,$47,$1287,$79,$8,$87,$-125,$212,$212,$212,$140,$79,$219,226,$0.97,$0.94,$907,$259,$103,$2029,$741,$0,$4,$127,$872,$2901,$1130,$10,$45,$55,$1185,$2,$955,$-1,$1716,$2901,$564,$210,$-78,$132,$-218,$-53,$196,$-9,$-78,$618,$-324,$0,$0,$-59,$0,$-59,$0,$-383,$-43,$0,$-43,$-34,$-34,$0,$-9,$-86,$149,$48,$0
46,2007-03-31,14.55,$6.79,2.14,$23.02,0.63,$2.27,6.4,$2.09,6.96,$1.93B,$1.06B,1.82,$0.01B,$1.54B,0.01,$5.19B,$0.90B,17.35%,$5.19B,$0.43B,8.29%,$5.19B,$0.43B,8.29%,$5.19B,$0.62B,12.01%,$5.19B,$0.46B,8.79%,$5.19B,$0.47B,9.10%,$0.47B,$1.54B,35.03%,$0.47B,$1.49B,35.79%,$0.47B,$2.65B,19.66%,$0.43B,$1.55B,31.43%,$1410,$1188,$222,$75,$32,$1295,$115,$7,$122,$1,$121,$121,$121,$170,$115,$220,226,$0.55,$0.53,$875,$243,$0,$1933,$672,$0,$48,$0,$720,$2653,$1064,$13,$40,$53,$1117,$2,$742,$5,$1536,$2653,$352,$149,$37,$186,$-229,$-38,$209,$-10,$-74,$464,$-238,$0,$0,$-23,$0,$-23,$0,$-261,$-38,$0,$-38,$-12,$-12,$0,$0,$-50,$153,$34,$0
47,2006-12-31,17.71,$6.38,2.78,$21.75,0.81,$1.58,11.22,$2.01,8.81,$1.87B,$1.06B,1.77,$0.02B,$1.43B,0.02,$4.91B,$0.90B,18.26%,$4.91B,$0.42B,8.46%,$4.91B,$0.42B,8.46%,$4.91B,$0.60B,12.13%,$4.91B,$0.44B,8.95%,$4.91B,$0.45B,9.23%,$0.45B,$1.43B,37.12%,$0.45B,$1.39B,37.77%,$0.45B,$2.54B,20.40%,$0.42B,$1.45B,33.36%,$1428,$1173,$255,$77,$56,$1306,$122,$6,$128,$0,$128,$128,$128,$171,$122,$220,226,$0.58,$0.57,$830,$265,$0,$1866,$637,$0,$37,$0,$674,$2540,$1056,$21,$38,$59,$1115,$2,$622,$0,$1425,$2540,$231,$94,$21,$115,$-188,$-60,$193,$1,$-46,$300,$-169,$0,$0,$-6,$0,$-6,$0,$-175,$-16,$0,$-16,$16,$16,$0,$0,$0,$125,$21,$0
