,Date,Stock Price,Book Value per Share,Price to Book Ratio,TTM Sales per Share,Price to Sales Ratio,TTM FCF per Share,Price to FCF Ratio,TTM Net EPS,PE Ratio,Current Assets,Current Liabilities,Current Ratio,Long Term Debt,Shareholder's Equity_x,Debt to Equity Ratio,TTM Revenue_x,TTM Gross Profit,Gross Margin,TTM Revenue_y,TTM Operating Income,Operating Margin,TTM Revenue_x,TTM EBIT,EBIT Margin,TTM Revenue_y,TTM EBITDA,EBITDA Margin,TTM Revenue_x,TTM Pre-Tax Income,Pre-Tax Margin,TTM Revenue_y,TTM Net Income_x,Net Margin,TTM Net Income_y,Shareholder's Equity_y,Return on Equity,TTM Net Income_x,Tangible Equity,Return on Tangible Equity,TTM Net Income_y,Total Assets,Return on Assets,TTM Net Income,LT Investments & Debt,Return on Investment,revenue,cost-goods-sold,gross-profit,research-development-expenses,selling-general-administrative-expenses,operating-expenses,operating-income,total-non-operating-income-expense,pre-tax-income,total-provision-income-taxes,income-after-taxes,income-from-continuous-operations,net-income,ebitda,ebit,basic-shares-outstanding,shares-outstanding,eps-basic-net-earnings-per-share,eps-earnings-per-share-diluted,cash-on-hand,inventory,other-current-assets,total-current-assets,net-property-plant-equipment,long-term-investments,goodwill-intangible-assets-total,other-long-term-assets,total-long-term-assets,total-assets,total-current-liabilities,long-term-debt,other-non-current-liabilities,total-long-term-liabilities,total-liabilities,common-stock-net,retained-earnings-accumulated-deficit,comprehensive-income,total-share-holder-equity,total-liabilities-share-holders-equity,net-income-loss,total-depreciation-amortization-cash-flow,other-non-cash-items,total-non-cash-items,change-in-accounts-receivable,change-in-inventories,change-in-accounts-payable,change-in-assets-liabilities,total-change-in-assets-liabilities,cash-flow-from-operating-activities,net-change-in-property-plant-equipment,net-change-in-intangible-assets,net-acquisitions-divestitures,net-change-in-short-term-investments,net-change-in-long-term-investments,net-change-in-investments-total,investing-activities-other,cash-flow-from-investing-activities,net-long-term-debt,net-current-debt,debt-issuance-retirement-net-total,net-common-equity-issued-repurchased,net-total-equity-issued-repurchased,total-common-preferred-stock-dividends-paid,financial-activities-other,cash-flow-from-financial-activities,net-cash-flow,stock-based-compensation,common-stock-dividends-paid
0,2018-08-31,177.45,$11.23,15.81,$29.23,6.07,$7.74,22.94,$4.64,38.24,$0.17B,$0.09B,1.96,$0.06B,$0.16B,0.4,$0.41B,$0.23B,55.26%,$0.41B,$0.08B,19.07%,$0.41B,$0.08B,19.07%,$0.41B,$0.09B,21.03%,$0.41B,$0.08B,18.34%,$0.41B,$0.07B,15.89%,$0.07B,$0.16B,43.12%,$0.07B,$0.05B,160.49%,$0.07B,$0.32B,17.59%,$0.08B,$0.22B,29.55%,$103,$46,$57,$0,$36,$83,$20,$-1,$19,$-3,$22,$22,$21,$22,$20,$14,14,$1.55,$1.54,$49,$37,$13,$168,$36,$0,$109,$3,$149,$317,$86,$63,$2,$76,$162,$0,$351,$-28,$155,$317,$65,$8,$-3,$4,$-6,$-1,$6,$-5,$-5,$65,$-12,$-0,$0,$83,$0,$83,$0,$71,$20,$-87,$-68,$-22,$-22,$-30,$-2,$-121,$12,$4,$-30
1,2018-05-31,137.09,$10.70,12.81,$28.72,4.77,$6.48,21.14,$4.11,33.36,$0.24B,$0.14B,1.75,$0.08B,$0.15B,0.56,$0.40B,$0.22B,55.33%,$0.40B,$0.08B,19.35%,$0.40B,$0.08B,19.35%,$0.40B,$0.09B,21.34%,$0.40B,$0.08B,18.86%,$0.40B,$0.06B,14.39%,$0.06B,$0.15B,39.52%,$0.06B,$0.04B,161.11%,$0.06B,$0.39B,15.15%,$0.08B,$0.23B,28.08%,$107,$48,$59,$0,$36,$85,$22,$-1,$21,$5,$16,$16,$16,$24,$22,$14,14,$1.15,$1.15,$124,$38,$5,$237,$36,$0,$110,$3,$150,$387,$135,$83,$8,$103,$238,$0,$337,$-25,$149,$387,$44,$6,$-4,$2,$-6,$-2,$-2,$9,$-4,$42,$-10,$-0,$0,$84,$0,$84,$0,$74,$20,$-5,$14,$-18,$-18,$-22,$-2,$-27,$86,$4,$-22
2,2018-02-28,123.78,$11.08,11.17,$28.01,4.42,$5.65,21.91,$3.98,31.1,$0.24B,$0.07B,3.65,$0.15B,$0.15B,0.99,$0.39B,$0.22B,55.33%,$0.39B,$0.08B,19.54%,$0.39B,$0.08B,19.54%,$0.39B,$0.08B,21.32%,$0.39B,$0.08B,19.04%,$0.39B,$0.06B,14.21%,$0.06B,$0.15B,39.16%,$0.06B,$0.04B,176.38%,$0.06B,$0.39B,14.91%,$0.08B,$0.31B,26.83%,$101,$45,$56,$0,$36,$82,$19,$-1,$18,$3,$15,$15,$15,$21,$19,$14,14,$1.05,$1.05,$123,$40,$6,$242,$37,$0,$111,$3,$152,$394,$67,$153,$8,$173,$240,$0,$329,$-16,$154,$394,$27,$4,$-4,$0,$-7,$-4,$-0,$9,$-6,$21,$-9,$-0,$0,$-0,$0,$-0,$0,$-9,$20,$-7,$13,$-11,$-11,$-14,$-2,$-14,$-1,$3,$-14
3,2017-11-30,118.01,$10.40,11.35,$27.60,4.28,$5.05,23.39,$3.80,31.06,$0.24B,$0.06B,3.9,$0.15B,$0.15B,1.05,$0.39B,$0.22B,55.38%,$0.39B,$0.08B,19.74%,$0.39B,$0.08B,19.74%,$0.39B,$0.08B,21.54%,$0.39B,$0.08B,19.23%,$0.39B,$0.05B,13.59%,$0.05B,$0.15B,38.69%,$0.05B,$0.03B,209.90%,$0.05B,$0.38B,14.54%,$0.08B,$0.30B,27.90%,$98,$43,$54,$0,$36,$80,$17,$-1,$17,$4,$13,$13,$13,$19,$17,$14,14,$0.90,$0.90,$130,$37,$5,$235,$29,$0,$112,$3,$144,$380,$60,$153,$2,$174,$235,$0,$321,$-24,$145,$380,$13,$2,$2,$4,$0,$-1,$-4,$3,$-4,$13,$-1,$-0,$0,$-0,$0,$-0,$0,$-1,$20,$-10,$10,$-4,$-4,$-7,$-2,$-2,$10,$2,$-7
4,2017-08-31,107.22,$9.97,10.76,$26.91,3.98,$4.51,23.79,$3.72,28.82,$0.23B,$0.08B,2.98,$0.13B,$0.14B,0.96,$0.38B,$0.21B,55.91%,$0.38B,$0.08B,20.21%,$0.38B,$0.08B,20.21%,$0.38B,$0.08B,21.78%,$0.38B,$0.07B,19.42%,$0.38B,$0.05B,13.65%,$0.05B,$0.14B,39.17%,$0.05B,$0.03B,253.66%,$0.05B,$0.37B,14.73%,$0.08B,$0.27B,29.19%,$97,$42,$54,$0,$33,$77,$20,$-0,$20,$5,$14,$14,$14,$22,$20,$14,14,$1.02,$1.01,$117,$35,$8,$225,$29,$0,$112,$3,$145,$370,$75,$134,$2,$155,$230,$0,$316,$-28,$139,$370,$53,$7,$6,$13,$0,$-3,$3,$-3,$-10,$56,$-20,$0,$0,$-23,$0,$-23,$0,$-42,$0,$32,$32,$-30,$-30,$-27,$-2,$-27,$-14,$4,$-27
5,2017-05-31,103.55,$9.58,10.81,$26.83,3.86,$6.23,16.63,$3.70,27.99,$0.22B,$0.07B,3.08,$0.13B,$0.13B,1.0,$0.38B,$0.22B,56.43%,$0.38B,$0.08B,19.69%,$0.38B,$0.08B,19.69%,$0.38B,$0.08B,21.00%,$0.38B,$0.07B,19.16%,$0.38B,$0.05B,13.65%,$0.05B,$0.13B,39.10%,$0.05B,$0.02B,260.00%,$0.05B,$0.36B,15.05%,$0.08B,$0.27B,28.74%,$98,$44,$54,$0,$33,$78,$21,$-0,$20,$6,$14,$14,$14,$22,$21,$14,14,$1.02,$1.02,$112,$37,$3,$216,$26,$0,$112,$3,$141,$358,$70,$134,$2,$153,$223,$0,$308,$-30,$134,$358,$39,$5,$4,$9,$-2,$-5,$-0,$2,$-13,$35,$-15,$0,$0,$-22,$0,$-22,$0,$-37,$0,$32,$32,$-26,$-26,$-20,$-2,$-15,$-19,$4,$-20
6,2017-02-28,107.16,$9.20,11.65,$26.58,4.03,$7.68,13.95,$3.56,30.1,$0.21B,$0.07B,3.18,$0.13B,$0.13B,1.03,$0.38B,$0.22B,56.99%,$0.38B,$0.07B,19.26%,$0.38B,$0.07B,19.26%,$0.38B,$0.08B,20.58%,$0.38B,$0.07B,18.73%,$0.38B,$0.05B,13.46%,$0.05B,$0.13B,37.16%,$0.05B,$0.02B,221.74%,$0.05B,$0.35B,14.85%,$0.07B,$0.26B,27.94%,$97,$42,$54,$0,$35,$78,$19,$-0,$18,$6,$12,$12,$12,$21,$19,$14,14,$0.87,$0.87,$101,$38,$6,$212,$22,$0,$113,$3,$139,$350,$67,$134,$3,$154,$221,$0,$301,$-33,$130,$350,$24,$3,$4,$7,$-4,$-7,$5,$1,$-15,$16,$-13,$0,$0,$-13,$0,$-13,$0,$-25,$0,$26,$26,$-18,$-18,$-13,$-2,$-7,$-17,$3,$-13
7,2016-11-30,104.71,$9.09,11.52,$26.31,3.98,$7.98,13.11,$3.63,28.84,$0.20B,$0.06B,3.04,$0.12B,$0.13B,0.95,$0.38B,$0.21B,56.76%,$0.38B,$0.07B,19.10%,$0.38B,$0.07B,19.10%,$0.38B,$0.08B,20.42%,$0.38B,$0.07B,19.10%,$0.38B,$0.05B,14.06%,$0.05B,$0.13B,37.46%,$0.05B,$0.02B,201.90%,$0.05B,$0.33B,15.49%,$0.07B,$0.25B,27.53%,$89,$38,$51,$0,$34,$73,$17,$-0,$16,$5,$12,$12,$12,$18,$17,$14,14,$0.82,$0.82,$101,$34,$4,$195,$22,$0,$114,$3,$139,$334,$64,$122,$3,$141,$205,$0,$295,$-33,$128,$334,$12,$2,$2,$4,$6,$-3,$0,$1,$0,$16,$-11,$0,$0,$-12,$0,$-12,$0,$-24,$0,$12,$12,$-12,$-12,$-6,$-2,$-7,$-17,$2,$-6
8,2016-08-31,114.4,$9.88,11.58,$26.43,4.33,$8.67,13.19,$3.64,31.43,$0.21B,$0.06B,3.57,$0.12B,$0.14B,0.87,$0.38B,$0.21B,56.17%,$0.38B,$0.07B,18.90%,$0.38B,$0.07B,18.90%,$0.38B,$0.08B,20.47%,$0.38B,$0.07B,19.16%,$0.38B,$0.05B,13.91%,$0.05B,$0.14B,35.81%,$0.05B,$0.03B,169.60%,$0.05B,$0.34B,15.31%,$0.07B,$0.26B,26.97%,$97,$41,$56,$0,$37,$80,$18,$2,$19,$5,$14,$14,$14,$19,$18,$14,14,$0.99,$0.99,$109,$32,$4,$209,$12,$0,$115,$3,$130,$340,$59,$122,$2,$141,$199,$0,$290,$-27,$140,$340,$53,$6,$0,$7,$-10,$-1,$3,$6,$6,$65,$-4,$0,$0,$-17,$0,$-17,$0,$-21,$0,$14,$14,$-31,$-31,$-24,$-3,$-43,$-3,$4,$-24
9,2016-05-31,107.28,$10.57,10.15,$25.95,4.13,$7.80,13.76,$3.45,31.09,$0.22B,$0.06B,4.01,$0.12B,$0.15B,0.78,$0.38B,$0.21B,55.32%,$0.38B,$0.07B,18.62%,$0.38B,$0.07B,18.62%,$0.38B,$0.08B,20.21%,$0.38B,$0.07B,18.62%,$0.38B,$0.05B,13.56%,$0.05B,$0.15B,33.44%,$0.05B,$0.03B,148.91%,$0.05B,$0.35B,14.74%,$0.07B,$0.27B,26.12%,$96,$42,$55,$0,$35,$78,$19,$-1,$18,$5,$13,$13,$13,$20,$19,$14,14,$0.88,$0.88,$110,$33,$4,$218,$12,$0,$117,$3,$131,$350,$55,$118,$2,$145,$199,$0,$281,$-15,$151,$350,$38,$5,$0,$5,$-7,$-2,$3,$2,$0,$44,$-3,$0,$0,$-16,$0,$-16,$0,$-20,$0,$10,$10,$-24,$-24,$-18,$2,$-30,$-7,$3,$-18
10,2016-02-29,103.6,$10.22,10.13,$25.56,4.05,$7.11,14.58,$3.32,31.21,$0.21B,$0.05B,3.98,$0.12B,$0.15B,0.81,$0.37B,$0.20B,54.30%,$0.37B,$0.07B,18.01%,$0.37B,$0.07B,18.01%,$0.37B,$0.07B,19.89%,$0.37B,$0.07B,18.28%,$0.37B,$0.05B,13.17%,$0.05B,$0.15B,31.87%,$0.05B,$0.03B,141.01%,$0.05B,$0.35B,14.32%,$0.07B,$0.27B,25.12%,$95,$42,$52,$0,$34,$77,$18,$1,$19,$5,$14,$14,$14,$20,$18,$14,14,$0.95,$0.94,$94,$36,$7,$214,$11,$0,$117,$3,$131,$345,$54,$118,$2,$145,$199,$0,$275,$-21,$147,$345,$26,$3,$-1,$2,$-15,$-5,$3,$-1,$-18,$10,$-2,$0,$0,$-8,$0,$-8,$0,$-10,$0,$15,$15,$-14,$-14,$-12,$2,$-10,$-12,$2,$-12
11,2015-11-30,94.34,$10.68,8.83,$25.62,3.68,$7.28,12.96,$3.14,30.05,$0.22B,$0.05B,4.28,$0.12B,$0.15B,0.77,$0.37B,$0.20B,53.74%,$0.37B,$0.07B,17.91%,$0.37B,$0.07B,17.91%,$0.37B,$0.07B,19.52%,$0.37B,$0.07B,17.38%,$0.37B,$0.05B,12.30%,$0.05B,$0.15B,29.25%,$0.05B,$0.04B,123.49%,$0.05B,$0.35B,13.51%,$0.07B,$0.27B,27.83%,$93,$41,$51,$0,$34,$75,$17,$-0,$17,$5,$12,$12,$12,$19,$17,$14,14,$0.83,$0.83,$113,$36,$4,$217,$11,$0,$118,$3,$132,$350,$51,$118,$2,$145,$196,$0,$267,$-11,$154,$350,$12,$2,$-0,$1,$0,$-4,$4,$2,$1,$15,$-0,$0,$0,$-0,$0,$-0,$0,$-1,$0,$10,$10,$-8,$-8,$-6,$1,$-2,$11,$1,$-6
12,2015-08-31,79.66,$10.92,7.29,$25.76,3.09,$6.83,11.66,$3.04,26.2,$0.21B,$0.05B,4.28,$0.11B,$0.16B,0.68,$0.38B,$0.20B,53.05%,$0.38B,$0.07B,17.51%,$0.38B,$0.07B,17.51%,$0.38B,$0.07B,18.83%,$0.38B,$0.06B,16.98%,$0.38B,$0.05B,11.94%,$0.05B,$0.16B,28.35%,$0.05B,$0.04B,118.42%,$0.05B,$0.34B,13.40%,$0.07B,$0.27B,31.02%,$92,$42,$50,$0,$33,$76,$16,$-0,$16,$4,$12,$12,$12,$17,$16,$15,15,$0.80,$0.80,$102,$32,$6,$205,$11,$0,$119,$3,$134,$339,$48,$108,$2,$133,$181,$0,$261,$-9,$158,$339,$45,$6,$3,$9,$-0,$2,$-2,$2,$1,$55,$-5,$0,$-4,$-7,$0,$-7,$0,$-17,$0,$10,$10,$-28,$-28,$-22,$1,$-39,$-4,$3,$-22
13,2015-05-31,79.92,$10.77,7.42,$25.93,3.08,$5.75,13.89,$3.01,26.55,$0.20B,$0.05B,4.39,$0.11B,$0.16B,0.69,$0.38B,$0.20B,52.48%,$0.38B,$0.07B,17.49%,$0.38B,$0.07B,17.49%,$0.38B,$0.07B,18.80%,$0.38B,$0.07B,16.97%,$0.38B,$0.04B,11.49%,$0.04B,$0.16B,27.24%,$0.04B,$0.04B,107.32%,$0.04B,$0.34B,13.02%,$0.07B,$0.26B,35.54%,$92,$43,$49,$0,$32,$76,$16,$-1,$16,$5,$11,$11,$11,$18,$16,$15,15,$0.75,$0.75,$95,$33,$4,$200,$11,$0,$120,$3,$135,$335,$46,$108,$2,$133,$179,$0,$255,$-7,$156,$335,$33,$5,$3,$7,$-4,$1,$0,$4,$-5,$35,$-4,$0,$-4,$-7,$0,$-7,$0,$-14,$0,$10,$10,$-24,$-24,$-16,$1,$-30,$-11,$2,$-16
14,2015-02-28,76.56,$11.00,6.96,$25.96,2.95,$4.87,15.71,$2.95,25.95,$0.20B,$0.15B,1.34,$0.00B,$0.16B,0.0,$0.39B,$0.20B,51.94%,$0.39B,$0.07B,17.05%,$0.39B,$0.07B,17.05%,$0.39B,$0.07B,18.35%,$0.39B,$0.06B,16.54%,$0.39B,$0.04B,11.11%,$0.04B,$0.16B,25.83%,$0.04B,$0.04B,93.48%,$0.04B,$0.34B,12.71%,$0.07B,$0.16B,39.64%,$97,$46,$51,$0,$33,$80,$18,$-2,$16,$5,$11,$11,$11,$19,$18,$15,15,$0.77,$0.76,$86,$35,$6,$203,$10,$0,$121,$3,$134,$338,$152,$0,$2,$26,$177,$0,$249,$-7,$161,$338,$22,$3,$2,$5,$-13,$-0,$5,$2,$-14,$13,$-3,$0,$-4,$-0,$0,$-0,$0,$-6,$0,$5,$5,$-14,$-14,$-11,$1,$-19,$-14,$2,$-11
15,2014-11-30,71.44,$10.93,6.54,$25.50,2.8,$4.95,14.44,$2.86,24.98,$0.20B,$0.15B,1.35,$0.00B,$0.16B,0.0,$0.38B,$0.20B,51.82%,$0.38B,$0.06B,16.41%,$0.38B,$0.06B,16.41%,$0.38B,$0.07B,17.97%,$0.38B,$0.06B,16.41%,$0.38B,$0.04B,10.94%,$0.04B,$0.16B,24.60%,$0.04B,$0.04B,83.58%,$0.04B,$0.33B,12.48%,$0.06B,$0.16B,36.90%,$96,$47,$50,$0,$33,$81,$16,$-0,$16,$5,$11,$11,$11,$17,$16,$15,15,$0.73,$0.73,$89,$34,$5,$196,$10,$0,$122,$3,$135,$331,$145,$0,$2,$26,$171,$0,$243,$-5,$160,$331,$11,$2,$-0,$2,$-1,$1,$-4,$3,$-3,$9,$-2,$0,$-4,$-0,$0,$-0,$0,$-5,$0,$0,$0,$-9,$-9,$-5,$0,$-14,$-11,$0,$-5
16,2014-08-31,64.16,$11.48,5.59,$25.18,2.55,$4.78,13.43,$2.87,22.36,$0.22B,$0.15B,1.42,$0.00B,$0.17B,0.0,$0.38B,$0.20B,51.82%,$0.38B,$0.06B,16.67%,$0.38B,$0.06B,16.67%,$0.38B,$0.07B,18.23%,$0.38B,$0.06B,16.41%,$0.38B,$0.04B,10.94%,$0.04B,$0.17B,23.66%,$0.04B,$0.05B,73.04%,$0.04B,$0.35B,12.53%,$0.06B,$0.17B,36.06%,$98,$46,$51,$0,$34,$81,$17,$-0,$17,$5,$12,$12,$11,$18,$17,$15,15,$0.78,$0.77,$103,$35,$8,$216,$10,$0,$119,$3,$132,$348,$152,$0,$2,$26,$178,$0,$238,$1,$169,$348,$44,$6,$1,$7,$-6,$-2,$0,$-2,$-12,$39,$-4,$-2,$0,$-5,$0,$-5,$0,$-11,$0,$35,$35,$-41,$-41,$-20,$1,$-26,$4,$2,$-20
17,2014-05-31,67.1,$11.79,5.69,$24.72,2.71,$5.60,11.99,$2.63,25.52,$0.20B,$0.13B,1.52,$0.00B,$0.18B,0.0,$0.38B,$0.20B,52.24%,$0.38B,$0.06B,15.30%,$0.38B,$0.06B,15.30%,$0.38B,$0.07B,17.15%,$0.38B,$0.06B,15.04%,$0.38B,$0.04B,10.29%,$0.04B,$0.18B,21.64%,$0.04B,$0.06B,65.00%,$0.04B,$0.34B,11.85%,$0.06B,$0.18B,32.18%,$96,$47,$49,$0,$33,$81,$15,$-0,$15,$5,$10,$10,$10,$17,$15,$15,15,$0.69,$0.69,$90,$38,$8,$203,$10,$0,$120,$3,$133,$336,$134,$0,$0,$26,$160,$0,$231,$2,$176,$336,$32,$4,$1,$5,$-4,$-5,$0,$-2,$-15,$22,$-3,$-2,$0,$-5,$0,$-5,$0,$-9,$0,$20,$20,$-29,$-29,$-15,$1,$-23,$-9,$2,$-15
18,2014-02-28,67.48,$11.81,5.71,$24.35,2.77,$6.52,10.36,$2.60,25.95,$0.20B,$0.13B,1.56,$0.00B,$0.18B,0.0,$0.38B,$0.20B,52.39%,$0.38B,$0.06B,15.43%,$0.38B,$0.06B,15.43%,$0.38B,$0.06B,17.02%,$0.38B,$0.06B,15.16%,$0.38B,$0.04B,10.37%,$0.04B,$0.18B,21.49%,$0.04B,$0.06B,63.93%,$0.04B,$0.33B,12.00%,$0.06B,$0.18B,31.96%,$94,$46,$49,$0,$33,$79,$15,$-0,$15,$5,$10,$10,$10,$17,$15,$15,15,$0.67,$0.67,$86,$34,$9,$198,$9,$0,$121,$3,$133,$331,$127,$0,$0,$26,$153,$0,$226,$1,$178,$331,$22,$3,$1,$3,$-5,$-1,$5,$-3,$-11,$14,$-2,$-2,$0,$-5,$0,$-5,$0,$-8,$0,$10,$10,$-21,$-21,$-10,$1,$-20,$-12,$1,$-10
19,2013-11-30,69.33,$12.22,5.68,$23.72,2.92,$7.05,9.83,$2.59,26.77,$0.19B,$0.11B,1.73,$0.00B,$0.19B,0.0,$0.37B,$0.19B,52.03%,$0.37B,$0.06B,15.45%,$0.37B,$0.06B,15.45%,$0.37B,$0.06B,17.07%,$0.37B,$0.06B,15.45%,$0.37B,$0.04B,10.57%,$0.04B,$0.19B,21.28%,$0.04B,$0.07B,62.40%,$0.04B,$0.33B,12.18%,$0.06B,$0.19B,31.11%,$96,$46,$50,$0,$32,$79,$17,$-0,$16,$5,$11,$11,$11,$18,$17,$15,15,$0.75,$0.74,$92,$34,$6,$194,$9,$0,$119,$3,$131,$326,$112,$0,$0,$27,$139,$0,$221,$-0,$187,$326,$11,$1,$-1,$0,$2,$-1,$-3,$0,$-5,$7,$-1,$0,$0,$-1,$0,$-1,$0,$-2,$0,$0,$0,$-4,$-4,$-5,$1,$-8,$-2,$1,$-5
20,2013-08-31,53.35,$11.74,4.54,$23.52,2.27,$7.65,6.98,$2.54,21.0,$0.19B,$0.12B,1.63,$0.00B,$0.18B,0.0,$0.37B,$0.19B,51.63%,$0.37B,$0.06B,15.22%,$0.37B,$0.06B,15.22%,$0.37B,$0.06B,16.85%,$0.37B,$0.06B,15.49%,$0.37B,$0.04B,10.60%,$0.04B,$0.18B,21.31%,$0.04B,$0.06B,63.41%,$0.04B,$0.32B,12.36%,$0.06B,$0.18B,30.60%,$93,$44,$50,$0,$36,$82,$11,$-0,$11,$3,$8,$8,$8,$13,$11,$16,16,$0.53,$0.53,$91,$32,$6,$192,$9,$0,$120,$3,$131,$323,$118,$0,$2,$26,$144,$0,$214,$-5,$180,$323,$40,$5,$3,$9,$-4,$-3,$-1,$-2,$3,$52,$-3,$0,$0,$-37,$0,$-37,$0,$-40,$0,$18,$18,$-27,$-27,$-19,$1,$-27,$-16,$2,$-19
21,2013-05-31,49.48,$11.78,4.2,$22.83,2.17,$6.49,7.63,$2.57,19.25,$0.19B,$0.11B,1.68,$0.00B,$0.18B,0.0,$0.36B,$0.18B,50.56%,$0.36B,$0.06B,16.39%,$0.36B,$0.06B,16.39%,$0.36B,$0.06B,17.78%,$0.36B,$0.06B,16.39%,$0.36B,$0.04B,11.11%,$0.04B,$0.18B,21.71%,$0.04B,$0.06B,64.52%,$0.04B,$0.32B,12.90%,$0.06B,$0.18B,32.02%,$93,$45,$48,$0,$32,$78,$15,$-0,$15,$5,$10,$10,$10,$16,$15,$15,16,$0.66,$0.66,$87,$34,$4,$188,$8,$0,$121,$3,$133,$320,$112,$0,$0,$27,$139,$0,$211,$-7,$181,$320,$32,$4,$3,$7,$-4,$-4,$0,$0,$-3,$36,$-2,$0,$0,$-35,$0,$-35,$0,$-37,$0,$18,$18,$-19,$-19,$-14,$1,$-15,$-17,$2,$-14
22,2013-02-28,49.17,$11.86,4.15,$22.28,2.21,$5.81,8.46,$2.48,19.83,$0.18B,$0.10B,1.78,$0.00B,$0.19B,0.0,$0.35B,$0.18B,50.00%,$0.35B,$0.06B,16.10%,$0.35B,$0.06B,16.10%,$0.35B,$0.06B,17.51%,$0.35B,$0.06B,16.10%,$0.35B,$0.04B,11.02%,$0.04B,$0.19B,21.08%,$0.04B,$0.06B,62.90%,$0.04B,$0.31B,12.82%,$0.06B,$0.19B,30.81%,$87,$43,$44,$0,$29,$72,$14,$1,$15,$5,$10,$10,$10,$16,$14,$16,16,$0.67,$0.66,$75,$34,$7,$179,$8,$0,$122,$3,$133,$312,$100,$0,$0,$27,$127,$0,$205,$-7,$185,$312,$21,$2,$1,$3,$-2,$-4,$3,$-2,$-2,$22,$-1,$0,$0,$-30,$0,$-30,$0,$-31,$0,$5,$5,$-10,$-10,$-9,$1,$-14,$-24,$1,$-9
23,2012-11-30,42.58,$11.90,3.58,$22.10,1.93,$5.32,8.0,$2.47,17.24,$0.17B,$0.10B,1.83,$0.00B,$0.19B,0.0,$0.35B,$0.18B,49.58%,$0.35B,$0.06B,16.43%,$0.35B,$0.06B,16.43%,$0.35B,$0.06B,17.56%,$0.35B,$0.06B,16.15%,$0.35B,$0.04B,11.33%,$0.04B,$0.19B,21.56%,$0.04B,$0.06B,64.52%,$0.04B,$0.31B,13.29%,$0.06B,$0.19B,31.27%,$95,$48,$48,$0,$31,$79,$16,$-0,$16,$5,$11,$11,$11,$17,$16,$16,16,$0.69,$0.69,$74,$31,$5,$173,$9,$0,$123,$3,$134,$307,$95,$0,$0,$27,$121,$0,$200,$-2,$186,$307,$11,$1,$1,$2,$-1,$-1,$1,$-1,$2,$16,$-0,$0,$0,$-21,$0,$-21,$0,$-21,$0,$0,$0,$-7,$-7,$-5,$-0,$-12,$-17,$1,$-5
24,2012-08-31,43.73,$11.81,3.7,$21.32,2.05,$5.16,8.47,$2.20,19.88,$0.17B,$0.09B,1.86,$0.00B,$0.19B,0.0,$0.34B,$0.17B,48.98%,$0.34B,$0.05B,15.16%,$0.34B,$0.05B,15.16%,$0.34B,$0.06B,16.62%,$0.34B,$0.05B,14.87%,$0.34B,$0.04B,10.50%,$0.04B,$0.19B,19.51%,$0.04B,$0.06B,59.26%,$0.04B,$0.30B,12.18%,$0.05B,$0.19B,28.18%,$85,$43,$42,$0,$28,$71,$14,$-0,$13,$4,$9,$9,$9,$15,$14,$16,16,$0.57,$0.56,$71,$30,$5,$166,$9,$0,$123,$3,$135,$301,$89,$0,$0,$26,$115,$0,$193,$-3,$185,$301,$35,$5,$5,$10,$0,$-12,$3,$-1,$-11,$34,$-3,$0,$0,$-1,$0,$-1,$0,$-3,$-11,$45,$34,$-33,$-33,$-18,$1,$-16,$13,$3,$-18
25,2012-05-31,41.66,$11.66,3.57,$21.37,1.95,$4.80,8.68,$2.25,18.51,$0.16B,$0.09B,1.85,$0.00B,$0.18B,0.0,$0.35B,$0.17B,48.71%,$0.35B,$0.05B,15.19%,$0.35B,$0.05B,15.19%,$0.35B,$0.06B,16.62%,$0.35B,$0.05B,15.19%,$0.35B,$0.04B,10.60%,$0.04B,$0.18B,19.63%,$0.04B,$0.06B,57.59%,$0.04B,$0.30B,12.75%,$0.05B,$0.18B,28.12%,$87,$44,$43,$0,$29,$74,$13,$-0,$13,$4,$9,$9,$9,$14,$13,$16,16,$0.57,$0.57,$72,$26,$6,$162,$9,$0,$123,$3,$135,$297,$88,$0,$0,$25,$113,$0,$189,$-4,$184,$297,$27,$4,$4,$7,$2,$-8,$2,$-2,$-7,$26,$-2,$0,$0,$-0,$0,$-0,$0,$-2,$-11,$45,$34,$-28,$-28,$-14,$0,$-7,$15,$2,$-14
26,2012-02-29,38.11,$11.74,3.25,$20.96,1.82,$4.43,8.61,$2.15,17.73,$0.16B,$0.09B,1.87,$0.00B,$0.19B,0.0,$0.35B,$0.17B,48.56%,$0.35B,$0.05B,14.94%,$0.35B,$0.05B,14.94%,$0.35B,$0.06B,16.38%,$0.35B,$0.05B,14.94%,$0.35B,$0.04B,10.34%,$0.04B,$0.19B,18.41%,$0.04B,$0.06B,50.88%,$0.04B,$0.30B,12.47%,$0.05B,$0.19B,26.60%,$86,$44,$42,$0,$27,$71,$15,$-0,$15,$4,$11,$11,$11,$16,$15,$16,16,$0.66,$0.65,$68,$26,$5,$163,$9,$0,$124,$3,$136,$299,$87,$0,$0,$25,$112,$0,$184,$-2,$187,$299,$17,$2,$3,$5,$-3,$-8,$7,$-0,$-7,$15,$-1,$0,$0,$-0,$0,$-0,$0,$-1,$-11,$40,$29,$-22,$-22,$-9,$0,$-1,$11,$2,$-9
27,2011-11-30,36.37,$11.39,3.19,$20.22,1.8,$3.96,9.19,$2.03,17.92,$0.15B,$0.08B,1.92,$0.00B,$0.18B,0.0,$0.34B,$0.17B,49.27%,$0.34B,$0.05B,14.96%,$0.34B,$0.05B,14.96%,$0.34B,$0.06B,16.42%,$0.34B,$0.05B,14.96%,$0.34B,$0.03B,9.97%,$0.03B,$0.18B,16.85%,$0.03B,$0.06B,44.44%,$0.03B,$0.29B,11.86%,$0.05B,$0.18B,25.28%,$85,$44,$41,$0,$30,$75,$10,$-0,$10,$3,$7,$7,$7,$12,$10,$16,16,$0.42,$0.42,$67,$23,$5,$150,$8,$0,$124,$3,$136,$285,$78,$0,$0,$25,$103,$0,$178,$-4,$182,$285,$7,$1,$1,$2,$7,$-6,$3,$-1,$4,$13,$0,$0,$0,$0,$0,$0,$0,$0,$-11,$32,$21,$-18,$-18,$-4,$0,$-0,$10,$1,$-4
28,2011-08-31,35.92,$12.29,2.92,$19.74,1.82,$3.37,10.66,$2.14,16.78,$0.14B,$0.05B,2.64,$0.00B,$0.20B,0.0,$0.34B,$0.17B,49.85%,$0.34B,$0.05B,16.02%,$0.34B,$0.05B,16.02%,$0.34B,$0.06B,17.21%,$0.34B,$0.05B,16.02%,$0.34B,$0.04B,10.68%,$0.04B,$0.20B,17.25%,$0.04B,$0.08B,43.37%,$0.04B,$0.28B,12.54%,$0.05B,$0.20B,25.87%,$91,$47,$44,$0,$28,$76,$15,$-0,$15,$5,$10,$10,$10,$16,$15,$17,17,$0.61,$0.61,$57,$18,$5,$143,$8,$0,$125,$3,$137,$280,$54,$0,$0,$24,$79,$0,$176,$-0,$201,$280,$36,$4,$5,$10,$-10,$-3,$1,$1,$-16,$30,$-3,$0,$0,$-1,$0,$-1,$0,$-3,$-11,$0,$-11,$-21,$-21,$-18,$1,$-49,$-20,$3,$-18
29,2011-05-31,36.78,$12.65,2.91,$19.22,1.91,$5.04,7.29,$1.94,18.96,$0.15B,$0.06B,2.79,$0.00B,$0.21B,0.0,$0.33B,$0.17B,50.46%,$0.33B,$0.05B,15.29%,$0.33B,$0.05B,15.29%,$0.33B,$0.05B,16.51%,$0.33B,$0.05B,14.98%,$0.33B,$0.03B,10.09%,$0.03B,$0.21B,15.88%,$0.03B,$0.09B,40.49%,$0.03B,$0.29B,11.41%,$0.05B,$0.21B,23.78%,$86,$43,$42,$0,$30,$74,$12,$-0,$12,$4,$8,$8,$8,$13,$12,$17,17,$0.48,$0.47,$70,$21,$5,$153,$8,$0,$126,$3,$137,$291,$55,$0,$0,$24,$79,$0,$170,$0,$212,$291,$26,$3,$3,$6,$-4,$-6,$0,$3,$-10,$22,$-2,$0,$0,$0,$0,$0,$0,$-2,$-11,$0,$-11,$-5,$-5,$-14,$1,$-28,$-6,$3,$-14
30,2011-02-28,35.06,$12.59,2.78,$19.13,1.83,$6.13,5.72,$2.01,17.44,$0.15B,$0.06B,2.77,$0.00B,$0.21B,0.0,$0.32B,$0.17B,50.93%,$0.32B,$0.05B,15.74%,$0.32B,$0.05B,15.74%,$0.32B,$0.06B,16.98%,$0.32B,$0.05B,15.43%,$0.32B,$0.03B,10.49%,$0.03B,$0.21B,16.85%,$0.03B,$0.09B,45.03%,$0.03B,$0.29B,11.94%,$0.05B,$0.21B,24.64%,$79,$38,$41,$0,$27,$65,$14,$-0,$14,$4,$9,$9,$9,$15,$14,$17,17,$0.53,$0.53,$68,$20,$4,$152,$9,$0,$126,$3,$139,$291,$55,$0,$0,$23,$78,$0,$167,$-1,$212,$291,$18,$2,$1,$3,$-7,$-5,$0,$4,$-13,$8,$-1,$0,$0,$0,$0,$0,$0,$-1,$-11,$0,$-11,$2,$2,$-9,$1,$-17,$-8,$2,$-9
31,2010-11-30,33.48,$12.38,2.7,$19.34,1.73,$7.10,4.72,$2.12,15.79,$0.15B,$0.05B,2.81,$0.00B,$0.21B,0.0,$0.33B,$0.17B,50.92%,$0.33B,$0.05B,16.56%,$0.33B,$0.05B,16.56%,$0.33B,$0.06B,17.79%,$0.33B,$0.05B,15.95%,$0.33B,$0.04B,11.04%,$0.04B,$0.21B,18.49%,$0.04B,$0.08B,52.75%,$0.04B,$0.29B,12.89%,$0.05B,$0.21B,26.63%,$81,$40,$41,$0,$28,$68,$13,$-0,$13,$4,$9,$9,$9,$14,$13,$17,17,$0.54,$0.53,$73,$17,$5,$147,$9,$0,$126,$3,$139,$286,$52,$0,$0,$23,$75,$0,$162,$-4,$210,$286,$9,$1,$1,$2,$1,$-3,$0,$2,$-7,$4,$-1,$0,$0,$0,$0,$0,$0,$-1,$-11,$0,$-11,$8,$8,$-5,$1,$-7,$-3,$1,$-5
32,2010-08-31,29.91,$11.78,2.54,$19.25,1.55,$7.85,3.81,$2.15,13.91,$0.15B,$0.06B,2.51,$0.01B,$0.20B,0.06,$0.32B,$0.17B,51.08%,$0.32B,$0.06B,17.34%,$0.32B,$0.06B,17.34%,$0.32B,$0.06B,18.58%,$0.32B,$0.05B,16.41%,$0.32B,$0.04B,11.15%,$0.04B,$0.20B,19.20%,$0.04B,$0.07B,59.50%,$0.04B,$0.29B,13.16%,$0.06B,$0.21B,28.28%,$81,$40,$41,$0,$30,$70,$11,$-1,$10,$3,$7,$7,$7,$12,$11,$17,17,$0.41,$0.41,$76,$15,$7,$150,$9,$0,$127,$3,$139,$289,$60,$11,$0,$33,$93,$0,$158,$-4,$197,$289,$36,$4,$3,$8,$-2,$3,$0,$-1,$13,$56,$-2,$0,$0,$0,$0,$0,$0,$-2,$-11,$0,$-11,$4,$4,$-17,$0,$-24,$30,$3,$-17
33,2010-05-31,27.57,$11.32,2.44,$19.09,1.44,$6.48,4.25,$2.20,12.53,$0.13B,$0.05B,2.57,$0.01B,$0.19B,0.06,$0.32B,$0.16B,51.25%,$0.32B,$0.06B,17.50%,$0.32B,$0.06B,17.50%,$0.32B,$0.06B,18.75%,$0.32B,$0.05B,16.88%,$0.32B,$0.04B,11.56%,$0.04B,$0.19B,20.39%,$0.04B,$0.06B,68.20%,$0.04B,$0.27B,13.86%,$0.06B,$0.20B,28.75%,$83,$40,$42,$0,$29,$70,$13,$-0,$13,$4,$9,$9,$9,$14,$13,$17,17,$0.55,$0.54,$59,$17,$4,$134,$9,$0,$126,$3,$139,$273,$52,$11,$0,$32,$84,$0,$155,$-8,$188,$273,$29,$3,$4,$8,$-4,$0,$0,$0,$2,$39,$-1,$0,$0,$0,$0,$0,$0,$-1,$-11,$0,$-11,$3,$3,$-12,$0,$-20,$13,$2,$-12
34,2010-02-28,26.27,$11.09,2.37,$18.30,1.44,$5.40,4.86,$2.07,12.69,$0.13B,$0.05B,2.43,$0.01B,$0.18B,0.06,$0.31B,$0.16B,51.31%,$0.31B,$0.05B,17.65%,$0.31B,$0.05B,17.65%,$0.31B,$0.06B,18.95%,$0.31B,$0.05B,16.67%,$0.31B,$0.04B,11.44%,$0.04B,$0.18B,19.86%,$0.04B,$0.06B,73.30%,$0.04B,$0.27B,13.35%,$0.05B,$0.20B,28.09%,$81,$38,$42,$0,$25,$64,$17,$-0,$16,$6,$11,$11,$11,$18,$17,$17,17,$0.64,$0.64,$49,$17,$4,$129,$10,$0,$127,$3,$140,$269,$53,$11,$0,$32,$85,$0,$150,$-5,$184,$269,$20,$2,$2,$4,$-8,$1,$0,$0,$-1,$23,$-1,$0,$0,$0,$0,$0,$0,$-1,$-11,$0,$-11,$1,$1,$-8,$0,$-18,$3,$2,$-8
35,2009-11-30,26.75,$10.88,2.46,$17.18,1.56,$4.62,5.79,$1.68,15.92,$0.12B,$0.05B,2.4,$0.01B,$0.18B,0.06,$0.29B,$0.15B,50.87%,$0.29B,$0.04B,14.63%,$0.29B,$0.04B,14.63%,$0.29B,$0.05B,16.03%,$0.29B,$0.04B,13.94%,$0.29B,$0.03B,9.76%,$0.03B,$0.18B,16.49%,$0.03B,$0.05B,69.14%,$0.03B,$0.26B,10.92%,$0.04B,$0.19B,22.28%,$78,$38,$40,$0,$25,$63,$15,$-0,$14,$5,$9,$9,$9,$16,$15,$17,17,$0.57,$0.56,$49,$19,$4,$122,$11,$0,$128,$3,$141,$263,$51,$11,$0,$32,$82,$0,$144,$-1,$181,$263,$9,$1,$1,$2,$4,$-1,$0,$1,$5,$16,$-0,$0,$0,$0,$0,$0,$0,$-0,$-11,$0,$-11,$1,$1,$-4,$0,$-14,$3,$1,$-4
36,2009-08-31,22.28,$10.46,2.13,$17.53,1.27,$3.80,5.86,$1.58,14.1,$0.12B,$0.05B,2.51,$0.02B,$0.17B,0.12,$0.29B,$0.15B,49.49%,$0.29B,$0.04B,13.31%,$0.29B,$0.04B,13.31%,$0.29B,$0.04B,14.68%,$0.29B,$0.04B,12.97%,$0.29B,$0.03B,9.22%,$0.03B,$0.17B,16.39%,$0.03B,$0.05B,80.00%,$0.03B,$0.26B,10.62%,$0.04B,$0.19B,20.94%,$78,$38,$40,$0,$25,$66,$11,$-1,$11,$3,$8,$8,$8,$12,$11,$17,17,$0.45,$0.46,$46,$18,$5,$121,$11,$0,$128,$3,$142,$263,$48,$21,$0,$41,$90,$0,$138,$-2,$173,$263,$26,$4,$9,$13,$-1,$3,$1,$-2,$-5,$35,$-3,$0,$0,$0,$0,$0,$0,$-3,$-11,$0,$-11,$1,$1,$-17,$0,$-26,$4,$3,$-17
37,2009-05-31,21.28,$10.13,2.1,$17.44,1.22,$3.32,6.4,$1.40,15.2,$0.11B,$0.04B,2.44,$0.02B,$0.17B,0.13,$0.29B,$0.14B,47.60%,$0.29B,$0.04B,12.33%,$0.29B,$0.04B,12.33%,$0.29B,$0.04B,13.70%,$0.29B,$0.03B,11.64%,$0.29B,$0.02B,8.22%,$0.02B,$0.17B,14.77%,$0.02B,$0.04B,81.36%,$0.02B,$0.25B,9.37%,$0.04B,$0.19B,19.28%,$69,$34,$35,$0,$24,$58,$11,$-1,$10,$4,$7,$7,$7,$12,$11,$17,17,$0.42,$0.41,$36,$19,$4,$107,$11,$0,$132,$4,$147,$254,$44,$21,$0,$43,$87,$0,$135,$-3,$167,$254,$19,$3,$7,$10,$2,$1,$-0,$-1,$-7,$22,$-2,$0,$0,$0,$0,$0,$0,$-2,$-11,$0,$-11,$1,$1,$-12,$0,$-22,$-6,$2,$-12
38,2009-02-28,19.95,$9.60,2.08,$18.25,1.09,$3.01,6.62,$1.48,13.48,$0.10B,$0.05B,2.21,$0.02B,$0.16B,0.14,$0.31B,$0.14B,46.56%,$0.31B,$0.04B,12.13%,$0.31B,$0.04B,12.13%,$0.31B,$0.04B,13.44%,$0.31B,$0.04B,11.80%,$0.31B,$0.03B,8.20%,$0.03B,$0.16B,15.41%,$0.03B,$0.03B,90.91%,$0.03B,$0.25B,9.61%,$0.04B,$0.18B,19.58%,$62,$31,$31,$0,$22,$57,$5,$-0,$5,$1,$4,$4,$4,$6,$5,$17,17,$0.25,$0.25,$28,$23,$4,$101,$11,$0,$131,$3,$145,$246,$46,$21,$0,$42,$88,$0,$132,$-8,$158,$246,$12,$2,$6,$7,$2,$-3,$-7,$-1,$-8,$12,$-2,$0,$0,$0,$0,$0,$0,$-2,$-11,$0,$-11,$1,$1,$-8,$0,$-18,$-13,$2,$-8
39,2008-11-30,22.98,$9.73,2.36,$19.19,1.2,$2.56,8.97,$1.74,13.21,$0.11B,$0.05B,2.03,$0.02B,$0.16B,0.13,$0.32B,$0.15B,46.27%,$0.32B,$0.05B,13.98%,$0.32B,$0.05B,13.98%,$0.32B,$0.05B,15.22%,$0.32B,$0.04B,13.66%,$0.32B,$0.03B,9.32%,$0.03B,$0.16B,18.40%,$0.03B,$0.03B,115.38%,$0.03B,$0.25B,11.35%,$0.05B,$0.18B,23.41%,$84,$45,$39,$0,$27,$72,$12,$-0,$12,$4,$8,$8,$8,$13,$12,$16,17,$0.47,$0.46,$26,$24,$4,$105,$11,$0,$134,$3,$149,$254,$52,$21,$0,$42,$93,$0,$132,$-5,$161,$254,$8,$1,$1,$2,$-1,$-4,$-0,$-1,$-6,$3,$-1,$0,$0,$0,$0,$0,$0,$-1,$-11,$0,$-11,$1,$1,$-4,$0,$-14,$-16,$1,$-4
40,2008-08-31,27.79,$9.95,2.79,$18.81,1.48,$2.48,11.21,$1.64,16.95,$0.12B,$0.06B,2.19,$0.03B,$0.16B,0.2,$0.32B,$0.15B,46.37%,$0.32B,$0.04B,13.25%,$0.32B,$0.04B,13.25%,$0.32B,$0.05B,14.51%,$0.32B,$0.04B,12.93%,$0.32B,$0.03B,8.83%,$0.03B,$0.16B,16.84%,$0.03B,$0.03B,99.12%,$0.03B,$0.27B,10.36%,$0.04B,$0.20B,21.19%,$77,$42,$34,$0,$25,$69,$8,$-0,$7,$3,$5,$5,$5,$9,$8,$17,17,$0.28,$0.28,$42,$21,$3,$119,$11,$0,$136,$4,$151,$271,$55,$32,$0,$52,$107,$0,$129,$3,$164,$271,$28,$4,$4,$8,$-4,$-6,$1,$1,$-6,$30,$-6,$0,$0,$0,$0,$0,$0,$-6,$-11,$0,$-11,$-14,$-14,$-17,$0,$-41,$-19,$2,$-17
41,2008-05-31,27.37,$10.11,2.71,$18.81,1.46,$3.90,7.02,$1.90,14.4,$0.12B,$0.05B,2.27,$0.03B,$0.17B,0.19,$0.32B,$0.15B,47.34%,$0.32B,$0.05B,15.05%,$0.32B,$0.05B,15.05%,$0.32B,$0.05B,16.30%,$0.32B,$0.05B,15.05%,$0.32B,$0.03B,10.03%,$0.03B,$0.17B,19.13%,$0.03B,$0.03B,112.28%,$0.03B,$0.27B,11.71%,$0.05B,$0.20B,23.76%,$82,$44,$38,$0,$26,$70,$12,$-0,$12,$4,$8,$8,$8,$13,$12,$16,17,$0.49,$0.49,$38,$19,$3,$116,$11,$1,$138,$4,$154,$270,$51,$32,$0,$52,$103,$0,$128,$7,$166,$270,$23,$3,$3,$5,$-5,$-4,$-1,$2,$-10,$18,$-4,$0,$0,$0,$0,$0,$0,$-4,$-11,$0,$-11,$-14,$-14,$-13,$0,$-38,$-24,$2,$-13
42,2008-02-29,24.36,$9.77,2.49,$18.33,1.33,$5.12,4.76,$1.85,13.17,$0.10B,$0.05B,2.12,$0.03B,$0.16B,0.2,$0.32B,$0.15B,47.62%,$0.32B,$0.05B,14.92%,$0.32B,$0.05B,14.92%,$0.32B,$0.05B,16.19%,$0.32B,$0.05B,14.92%,$0.32B,$0.03B,10.16%,$0.03B,$0.16B,18.82%,$0.03B,$0.02B,103.23%,$0.03B,$0.26B,11.52%,$0.05B,$0.19B,22.68%,$79,$41,$38,$0,$25,$66,$13,$-0,$13,$5,$9,$9,$9,$14,$13,$17,17,$0.52,$0.51,$23,$19,$4,$103,$10,$7,$138,$4,$159,$262,$49,$32,$0,$53,$101,$0,$124,$7,$161,$262,$15,$2,$1,$3,$-6,$-4,$-1,$2,$-13,$5,$-3,$0,$0,$-6,$0,$-6,$0,$-9,$-11,$0,$-11,$-15,$-15,$-8,$0,$-34,$-38,$1,$-8
43,2007-11-30,30.87,$10.28,3.0,$18.28,1.69,$6.02,5.13,$1.86,16.6,$0.12B,$0.05B,2.45,$0.03B,$0.17B,0.18,$0.32B,$0.15B,47.94%,$0.32B,$0.05B,15.24%,$0.32B,$0.05B,15.24%,$0.32B,$0.05B,16.51%,$0.32B,$0.05B,14.92%,$0.32B,$0.03B,10.16%,$0.03B,$0.17B,18.66%,$0.03B,$0.04B,98.46%,$0.03B,$0.28B,11.40%,$0.05B,$0.21B,22.70%,$79,$42,$37,$0,$28,$70,$9,$-0,$9,$3,$6,$6,$6,$10,$9,$17,17,$0.37,$0.36,$50,$17,$5,$124,$9,$1,$139,$4,$153,$278,$51,$32,$0,$53,$103,$0,$120,$9,$174,$278,$6,$1,$-0,$1,$1,$-2,$1,$0,$-5,$2,$-1,$0,$0,$0,$0,$0,$0,$-1,$-11,$0,$-11,$3,$3,$-4,$0,$-12,$-11,$0,$-4
44,2007-08-31,26.87,$9.99,2.69,$17.83,1.51,$6.76,3.97,$1.83,14.69,$0.13B,$0.05B,2.42,$0.04B,$0.17B,0.26,$0.31B,$0.15B,48.05%,$0.31B,$0.05B,15.91%,$0.31B,$0.05B,15.91%,$0.31B,$0.05B,17.21%,$0.31B,$0.05B,15.26%,$0.31B,$0.03B,10.39%,$0.03B,$0.17B,19.02%,$0.03B,$0.03B,109.40%,$0.03B,$0.28B,11.52%,$0.05B,$0.21B,23.22%,$79,$40,$38,$0,$24,$65,$14,$-0,$14,$4,$9,$9,$9,$15,$14,$17,17,$0.55,$0.53,$61,$15,$3,$131,$9,$1,$139,$4,$153,$283,$54,$43,$0,$61,$115,$0,$118,$8,$168,$283,$32,$4,$4,$8,$-2,$2,$1,$2,$12,$52,$-2,$0,$0,$0,$0,$0,$0,$-2,$-11,$0,$-11,$-8,$-8,$-17,$1,$-34,$16,$2,$-17
45,2007-05-31,25.57,$10.24,2.5,$17.70,1.44,$5.42,4.72,$1.66,15.41,$0.14B,$0.05B,2.64,$0.04B,$0.18B,0.24,$0.30B,$0.15B,48.03%,$0.30B,$0.05B,14.80%,$0.30B,$0.05B,14.80%,$0.30B,$0.05B,16.12%,$0.30B,$0.04B,14.14%,$0.30B,$0.03B,9.54%,$0.03B,$0.18B,17.55%,$0.03B,$0.04B,110.48%,$0.03B,$0.29B,10.58%,$0.05B,$0.22B,21.38%,$78,$41,$37,$0,$25,$66,$11,$-0,$11,$4,$8,$8,$8,$12,$11,$17,17,$0.45,$0.45,$66,$17,$3,$136,$9,$1,$139,$4,$152,$288,$51,$43,$0,$60,$112,$0,$113,$7,$177,$288,$22,$3,$3,$5,$0,$-0,$1,$2,$10,$37,$-1,$0,$0,$0,$0,$0,$0,$-1,$-11,$0,$-11,$7,$7,$-12,$0,$-15,$21,$2,$-12
46,2007-02-28,24.31,$9.48,2.56,$17.53,1.39,$4.75,5.12,$1.64,14.82,$0.12B,$0.05B,2.53,$0.04B,$0.17B,0.26,$0.30B,$0.14B,48.16%,$0.30B,$0.05B,15.05%,$0.30B,$0.05B,15.05%,$0.30B,$0.05B,16.39%,$0.30B,$0.04B,14.05%,$0.30B,$0.03B,9.36%,$0.03B,$0.17B,17.69%,$0.03B,$0.03B,145.45%,$0.03B,$0.27B,10.46%,$0.05B,$0.21B,21.82%,$79,$40,$39,$0,$25,$65,$14,$-1,$13,$4,$9,$9,$9,$15,$14,$17,17,$0.52,$0.52,$47,$17,$4,$122,$9,$1,$139,$4,$153,$274,$48,$43,$0,$59,$107,$0,$110,$6,$167,$274,$15,$2,$2,$4,$-5,$-0,$0,$1,$0,$19,$-1,$0,$0,$0,$0,$0,$0,$-1,$-11,$0,$-11,$2,$2,$-8,$0,$-17,$1,$1,$-8
47,2006-11-30,24.59,$9.46,2.6,$17.17,1.43,$4.42,5.56,$1.55,15.86,$0.11B,$0.05B,2.48,$0.04B,$0.16B,0.27,$0.29B,$0.14B,47.77%,$0.29B,$0.04B,14.78%,$0.29B,$0.04B,14.78%,$0.29B,$0.05B,16.15%,$0.29B,$0.04B,13.75%,$0.29B,$0.03B,8.93%,$0.03B,$0.16B,17.13%,$0.03B,$0.02B,203.92%,$0.03B,$0.27B,9.89%,$0.04B,$0.20B,21.26%,$72,$37,$34,$0,$25,$62,$10,$-1,$9,$3,$6,$6,$6,$11,$10,$17,17,$0.33,$0.33,$46,$17,$4,$113,$9,$1,$139,$4,$153,$266,$45,$43,$0,$59,$104,$0,$105,$6,$161,$266,$6,$1,$1,$2,$5,$-0,$0,$1,$7,$14,$-1,$0,$0,$0,$0,$0,$0,$-1,$-11,$0,$-11,$2,$2,$-4,$0,$-13,$1,$0,$-4
