,Date,Stock Price,Book Value per Share,Price to Book Ratio,TTM Sales per Share,Price to Sales Ratio,TTM FCF per Share,Price to FCF Ratio,TTM Net EPS,PE Ratio,Current Assets,Current Liabilities,Current Ratio,Long Term Debt,Shareholder's Equity_x,Debt to Equity Ratio,TTM Revenue_x,TTM Gross Profit,Gross Margin,TTM Revenue_y,TTM Operating Income,Operating Margin,TTM Revenue_x,TTM EBIT,EBIT Margin,TTM Revenue_y,TTM EBITDA,EBITDA Margin,TTM Revenue_x,TTM Pre-Tax Income,Pre-Tax Margin,TTM Revenue_y,TTM Net Income_x,Net Margin,TTM Net Income_y,Shareholder's Equity_y,Return on Equity,TTM Net Income_x,Tangible Equity,Return on Tangible Equity,TTM Net Income_y,Total Assets,Return on Assets,TTM Net Income,LT Investments & Debt,Return on Investment,revenue,cost-goods-sold,gross-profit,research-development-expenses,selling-general-administrative-expenses,operating-expenses,operating-income,total-non-operating-income-expense,pre-tax-income,total-provision-income-taxes,income-after-taxes,income-from-continuous-operations,net-income,ebitda,ebit,basic-shares-outstanding,shares-outstanding,eps-basic-net-earnings-per-share,eps-earnings-per-share-diluted,cash-on-hand,inventory,other-current-assets,total-current-assets,net-property-plant-equipment,long-term-investments,goodwill-intangible-assets-total,other-long-term-assets,total-long-term-assets,total-assets,total-current-liabilities,long-term-debt,other-non-current-liabilities,total-long-term-liabilities,total-liabilities,common-stock-net,retained-earnings-accumulated-deficit,comprehensive-income,total-share-holder-equity,total-liabilities-share-holders-equity,net-income-loss,total-depreciation-amortization-cash-flow,other-non-cash-items,total-non-cash-items,change-in-accounts-receivable,change-in-inventories,change-in-accounts-payable,change-in-assets-liabilities,total-change-in-assets-liabilities,cash-flow-from-operating-activities,net-change-in-property-plant-equipment,net-change-in-intangible-assets,net-acquisitions-divestitures,net-change-in-short-term-investments,net-change-in-long-term-investments,net-change-in-investments-total,investing-activities-other,cash-flow-from-investing-activities,net-long-term-debt,net-current-debt,debt-issuance-retirement-net-total,net-common-equity-issued-repurchased,net-total-equity-issued-repurchased,total-common-preferred-stock-dividends-paid,financial-activities-other,cash-flow-from-financial-activities,net-cash-flow,stock-based-compensation,common-stock-dividends-paid
0,2018-09-30,21.18,$11.32,1.87,$14.44,1.47,$6.56,3.23,$2.05,10.33,$1.06B,$0.26B,4.04,$0.10B,$0.89B,0.11,$1.18B,$0.55B,46.79%,$1.18B,$0.26B,22.00%,$1.18B,$0.26B,22.00%,$1.18B,$0.29B,24.45%,$1.18B,$0.24B,19.97%,$1.18B,$0.17B,14.04%,$0.17B,$0.89B,18.75%,$0.17B,$0.75B,22.46%,$0.17B,$1.29B,12.66%,$0.26B,$0.99B,26.52%,$295,$120,$175,$0,$107,$236,$59,$0,$60,$13,$47,$47,$46,$68,$59,$80,80,$0.58,$0.58,$300,$588,$0,$1060,$69,$0,$146,$9,$233,$1293,$263,$95,$16,$137,$399,$1,$1171,$-1,$894,$1293,$137,$22,$122,$144,$13,$0,$-1,$-28,$-17,$264,$-2,$0,$0,$0,$44,$44,$0,$43,$0,$-95,$-95,$-88,$-88,$-62,$2,$-243,$64,$43,$-62
1,2018-06-30,17.74,$11.02,1.61,$14.20,1.25,$3.06,5.79,$1.92,9.24,$1.04B,$0.26B,3.99,$0.10B,$0.89B,0.11,$1.18B,$0.56B,47.36%,$1.18B,$0.26B,21.68%,$1.18B,$0.26B,21.68%,$1.18B,$0.28B,23.89%,$1.18B,$0.26B,22.11%,$1.18B,$0.17B,14.80%,$0.17B,$0.89B,19.78%,$0.17B,$0.74B,23.75%,$0.17B,$1.29B,13.01%,$0.26B,$0.98B,26.17%,$295,$118,$177,$0,$112,$237,$58,$-1,$58,$13,$44,$44,$44,$65,$58,$81,81,$0.55,$0.55,$266,$585,$0,$1043,$77,$0,$146,$11,$245,$1288,$261,$95,$15,$141,$402,$1,$1144,$-1,$886,$1288,$90,$13,$103,$116,$-0,$0,$-4,$-29,$-33,$173,$-1,$0,$0,$0,$51,$51,$0,$50,$0,$-95,$-95,$-59,$-59,$-41,$3,$-193,$30,$30,$-41
2,2018-03-31,19.69,$10.75,1.83,$14.00,1.41,$0.55,35.9,$1.65,11.93,$1.02B,$0.24B,4.27,$0.10B,$0.89B,0.11,$1.17B,$0.55B,47.43%,$1.17B,$0.25B,21.23%,$1.17B,$0.25B,21.23%,$1.17B,$0.27B,23.46%,$1.17B,$0.25B,21.66%,$1.17B,$0.15B,13.18%,$0.15B,$0.89B,17.72%,$0.15B,$0.74B,21.33%,$0.15B,$1.28B,11.26%,$0.25B,$0.98B,25.73%,$298,$118,$179,$0,$114,$238,$60,$1,$61,$15,$46,$46,$46,$66,$60,$83,83,$0.56,$0.56,$211,$642,$0,$1022,$82,$0,$147,$14,$256,$1278,$239,$95,$21,$149,$389,$1,$1119,$-1,$889,$1278,$46,$6,$17,$23,$26,$0,$-3,$-41,$-19,$50,$-0,$0,$0,$0,$57,$57,$0,$56,$0,$-95,$-95,$-21,$-21,$-21,$4,$-132,$-25,$15,$-21
3,2017-12-31,21.53,$10.56,2.04,$13.83,1.56,$0.68,31.54,$1.48,14.54,$1.12B,$0.36B,3.09,$0.10B,$0.87B,0.11,$1.16B,$0.55B,47.54%,$1.16B,$0.24B,20.83%,$1.16B,$0.24B,20.83%,$1.16B,$0.27B,23.16%,$1.16B,$0.25B,21.18%,$1.16B,$0.14B,12.27%,$0.14B,$0.87B,16.53%,$0.14B,$0.73B,19.95%,$0.14B,$1.38B,10.17%,$0.24B,$0.97B,25.26%,$294,$273,$22,$0,$-16,$211,$83,$-27,$57,$26,$30,$30,$30,$90,$83,$84,84,$0.36,$0.36,$236,$700,$0,$1119,$88,$0,$147,$17,$266,$1384,$362,$95,$25,$150,$511,$1,$1092,$1,$873,$1384,$144,$26,$-103,$-78,$-1,$3,$4,$-19,$-13,$54,$-7,$0,$0,$0,$-206,$-206,$0,$-212,$0,$0,$0,$-36,$-36,$-154,$1,$-189,$-347,$51,$-154
4,2017-09-30,18.9,$10.44,1.81,$13.85,1.36,$1.43,13.26,$1.39,13.6,$1.12B,$0.37B,3.02,$0.10B,$0.87B,0.11,$1.16B,$0.66B,57.27%,$1.16B,$0.21B,18.25%,$1.16B,$0.21B,18.25%,$1.16B,$0.24B,20.59%,$1.16B,$0.24B,20.67%,$1.16B,$0.14B,12.46%,$0.14B,$0.87B,16.91%,$0.14B,$0.72B,20.45%,$0.14B,$1.40B,10.28%,$0.21B,$0.97B,21.74%,$289,$110,$179,$0,$120,$236,$54,$30,$84,$29,$55,$55,$54,$60,$54,$83,83,$0.64,$0.64,$261,$697,$0,$1119,$92,$0,$147,$21,$280,$1399,$370,$95,$24,$158,$529,$1,$1112,$-29,$870,$1399,$114,$19,$-143,$-123,$18,$0,$-4,$-17,$-3,$-12,$-5,$0,$0,$0,$-194,$-194,$0,$-199,$0,$0,$0,$-16,$-16,$-116,$18,$-114,$-325,$42,$-116
5,2017-06-30,17.78,$10.10,1.76,$14.04,1.27,$2.26,7.85,$1.59,11.18,$1.11B,$0.39B,2.88,$0.10B,$0.84B,0.11,$1.17B,$0.63B,53.93%,$1.17B,$0.23B,19.74%,$1.17B,$0.23B,19.74%,$1.17B,$0.26B,22.14%,$1.17B,$0.23B,20.00%,$1.17B,$0.14B,12.31%,$0.14B,$0.84B,17.03%,$0.14B,$0.70B,20.67%,$0.14B,$1.41B,10.28%,$0.23B,$0.94B,23.38%,$287,$112,$174,$0,$117,$236,$51,$0,$51,$27,$25,$25,$24,$58,$51,$84,84,$0.29,$0.29,$466,$502,$0,$1112,$95,$0,$147,$25,$300,$1412,$387,$95,$26,$181,$568,$1,$1113,$-47,$844,$1412,$59,$13,$-103,$-90,$35,$0,$-7,$-27,$1,$-30,$-4,$0,$0,$0,$-14,$-14,$0,$-18,$0,$0,$0,$-12,$-12,$-77,$17,$-72,$-120,$28,$-77
6,2017-03-31,15.58,$10.14,1.54,$14.46,1.08,$2.78,5.6,$1.72,9.06,$1.08B,$0.38B,2.85,$0.10B,$0.85B,0.11,$1.20B,$0.59B,49.33%,$1.20B,$0.23B,19.47%,$1.20B,$0.23B,19.47%,$1.20B,$0.27B,22.55%,$1.20B,$0.24B,19.55%,$1.20B,$0.15B,12.81%,$0.15B,$0.85B,18.36%,$0.15B,$0.70B,22.42%,$0.15B,$1.39B,11.00%,$0.23B,$0.94B,23.28%,$287,$111,$175,$0,$117,$234,$53,$0,$53,$19,$34,$34,$34,$60,$53,$84,84,$0.40,$0.40,$611,$309,$0,$1084,$99,$0,$148,$28,$304,$1388,$381,$95,$25,$158,$539,$1,$1128,$-49,$849,$1388,$34,$7,$29,$36,$20,$0,$-7,$-20,$-6,$64,$-2,$0,$0,$0,$12,$12,$0,$10,$0,$0,$0,$-8,$-8,$-39,$-3,$-49,$24,$14,$-39
7,2016-12-31,17.46,$10.15,1.72,$14.99,1.16,$1.40,12.47,$1.78,9.81,$1.09B,$0.30B,3.68,$0.19B,$0.84B,0.23,$1.24B,$0.57B,45.68%,$1.24B,$0.25B,20.34%,$1.24B,$0.25B,20.34%,$1.24B,$0.29B,23.73%,$1.24B,$0.24B,19.37%,$1.24B,$0.16B,12.67%,$0.16B,$0.84B,18.79%,$0.16B,$0.70B,23.05%,$0.16B,$1.41B,11.10%,$0.25B,$1.03B,24.58%,$293,$159,$134,$0,$72,$240,$53,$-2,$51,$19,$32,$32,$32,$60,$53,$83,83,$0.39,$0.39,$586,$329,$0,$1092,$102,$0,$149,$32,$314,$1406,$297,$190,$27,$265,$562,$1,$1089,$-7,$844,$1406,$158,$42,$-52,$-10,$100,$36,$-23,$-137,$-25,$124,$-16,$0,$0,$0,$85,$85,$7,$76,$0,$0,$0,$-50,$-50,$-153,$-0,$-203,$-3,$52,$-153
8,2016-09-30,15.84,$10.21,1.55,$15.78,1.0,$2.54,6.23,$2.27,6.98,$1.08B,$0.30B,3.57,$0.19B,$0.85B,0.22,$1.31B,$0.60B,45.68%,$1.31B,$0.28B,21.27%,$1.31B,$0.28B,21.27%,$1.31B,$0.33B,24.87%,$1.31B,$0.27B,20.81%,$1.31B,$0.18B,13.77%,$0.18B,$0.85B,21.53%,$0.18B,$0.69B,26.50%,$0.18B,$1.40B,12.40%,$0.28B,$1.04B,27.10%,$303,$156,$148,$0,$63,$229,$74,$5,$79,$24,$55,$55,$54,$81,$74,$83,83,$0.65,$0.65,$552,$319,$0,$1078,$106,$0,$153,$30,$321,$1399,$302,$190,$27,$251,$553,$1,$1151,$-58,$845,$1399,$126,$35,$-48,$-13,$76,$45,$-22,$-146,$-47,$66,$-14,$0,$0,$0,$77,$77,$7,$69,$0,$0,$0,$-48,$-48,$-115,$-1,$-164,$-29,$39,$-115
9,2016-06-30,14.6,$9.87,1.48,$16.62,0.88,$4.79,3.05,$2.20,6.64,$1.08B,$0.33B,3.26,$0.19B,$0.82B,0.23,$1.38B,$0.63B,45.94%,$1.38B,$0.31B,22.68%,$1.38B,$0.31B,22.68%,$1.38B,$0.37B,26.59%,$1.38B,$0.28B,20.43%,$1.38B,$0.17B,12.61%,$0.17B,$0.82B,20.86%,$0.17B,$0.66B,25.75%,$0.17B,$1.41B,11.90%,$0.31B,$1.01B,30.57%,$319,$184,$136,$0,$78,$265,$54,$-2,$52,$18,$34,$34,$34,$70,$54,$83,83,$0.41,$0.41,$501,$362,$0,$1084,$106,$0,$158,$20,$322,$1406,$332,$190,$27,$256,$589,$1,$1136,$-58,$818,$1406,$71,$28,$-54,$-25,$62,$34,$-23,$-100,$-27,$18,$-9,$0,$0,$0,$18,$18,$7,$15,$0,$0,$0,$-47,$-47,$-77,$-1,$-125,$-91,$26,$-77
10,2016-03-31,19.56,$10.22,1.92,$17.46,1.12,$6.37,3.07,$2.59,7.55,$1.12B,$0.35B,3.17,$0.19B,$0.84B,0.23,$1.46B,$0.69B,47.70%,$1.46B,$0.37B,25.43%,$1.46B,$0.37B,25.43%,$1.46B,$0.42B,29.07%,$1.46B,$0.34B,23.23%,$1.46B,$0.21B,14.23%,$0.21B,$0.84B,24.61%,$0.21B,$0.68B,30.31%,$0.21B,$1.45B,14.02%,$0.37B,$1.03B,35.89%,$324,$176,$148,$0,$72,$252,$71,$-13,$58,$21,$37,$37,$37,$83,$71,$82,82,$0.45,$0.45,$486,$373,$0,$1115,$107,$0,$158,$17,$330,$1445,$352,$189,$26,$258,$610,$1,$1141,$-60,$835,$1445,$37,$12,$-58,$-46,$36,$28,$-22,$-80,$-38,$-47,$-6,$0,$0,$0,$0,$0,$7,$1,$0,$0,$0,$-26,$-26,$-38,$-1,$-65,$-111,$14,$-38
11,2015-12-31,23.39,$10.22,2.29,$18.13,1.29,$7.98,2.93,$2.94,7.95,$1.22B,$0.44B,2.75,$0.19B,$0.85B,0.22,$1.52B,$0.73B,48.42%,$1.52B,$0.40B,26.58%,$1.52B,$0.40B,26.58%,$1.52B,$0.46B,30.47%,$1.52B,$0.39B,25.46%,$1.52B,$0.24B,15.63%,$0.24B,$0.85B,28.23%,$0.24B,$0.69B,34.78%,$0.24B,$1.56B,15.97%,$0.40B,$1.04B,39.15%,$361,$196,$165,$0,$82,$282,$79,$5,$83,$29,$55,$55,$55,$91,$79,$83,83,$0.67,$0.67,$625,$292,$0,$1218,$105,$0,$158,$17,$338,$1555,$443,$189,$27,$265,$709,$1,$1142,$-62,$846,$1555,$238,$59,$-7,$52,$1,$10,$-18,$-49,$-56,$234,$-30,$0,$0,$0,$9,$9,$-2,$-23,$0,$0,$0,$-80,$-80,$-144,$5,$-219,$-8,$48,$-144
12,2015-09-30,28.03,$10.07,2.78,$18.50,1.51,$9.20,3.05,$3.15,8.9,$1.12B,$0.36B,3.12,$0.19B,$0.84B,0.23,$1.55B,$0.77B,49.48%,$1.55B,$0.44B,28.54%,$1.55B,$0.44B,28.54%,$1.55B,$0.51B,32.80%,$1.55B,$0.43B,27.51%,$1.55B,$0.26B,16.95%,$0.26B,$0.84B,31.90%,$0.26B,$0.68B,39.46%,$0.26B,$1.44B,17.85%,$0.44B,$1.03B,43.67%,$376,$191,$185,$0,$72,$267,$109,$-20,$89,$41,$48,$48,$48,$123,$109,$83,83,$0.58,$0.58,$652,$219,$0,$1117,$100,$0,$158,$16,$326,$1443,$358,$190,$26,$248,$606,$1,$1117,$-52,$837,$1443,$183,$46,$43,$90,$50,$37,$-25,$-104,$-42,$231,$10,$0,$0,$0,$-26,$-26,$-2,$-18,$0,$0,$0,$-63,$-63,$-108,$5,$-166,$46,$36,$-108
13,2015-06-30,37.77,$10.08,3.75,$18.86,2.0,$10.37,3.64,$3.46,10.92,$1.13B,$0.37B,3.05,$0.19B,$0.85B,0.23,$1.59B,$0.79B,50.00%,$1.59B,$0.46B,28.94%,$1.59B,$0.46B,28.94%,$1.59B,$0.53B,33.48%,$1.59B,$0.46B,28.94%,$1.59B,$0.29B,18.28%,$0.29B,$0.85B,35.66%,$0.29B,$0.69B,44.26%,$0.29B,$1.46B,19.83%,$0.46B,$1.04B,45.75%,$394,$198,$196,$0,$81,$283,$111,$-3,$108,$41,$67,$67,$67,$126,$111,$84,84,$0.80,$0.80,$675,$239,$0,$1131,$98,$0,$158,$14,$331,$1462,$371,$190,$26,$245,$616,$1,$1104,$-52,$846,$1462,$135,$32,$14,$47,$71,$17,$-16,$-97,$-25,$156,$-14,$0,$0,$0,$4,$4,$0,$-10,$0,$0,$0,$-30,$-30,$-72,$5,$-97,$48,$24,$-72
14,2015-03-31,39.21,$9.92,3.95,$18.88,2.08,$9.98,3.93,$3.64,10.77,$1.14B,$0.41B,2.82,$0.19B,$0.83B,0.23,$1.59B,$0.80B,50.22%,$1.59B,$0.47B,29.63%,$1.59B,$0.47B,29.63%,$1.59B,$0.55B,34.46%,$1.59B,$0.48B,30.01%,$1.59B,$0.31B,19.21%,$0.31B,$0.83B,38.50%,$0.31B,$0.67B,48.13%,$0.31B,$1.48B,21.01%,$0.47B,$1.02B,47.93%,$385,$198,$188,$0,$79,$281,$104,$1,$106,$39,$67,$67,$67,$122,$104,$84,84,$0.80,$0.80,$691,$245,$0,$1141,$97,$0,$158,$13,$337,$1477,$405,$190,$26,$244,$649,$1,$1073,$-48,$829,$1477,$67,$17,$9,$26,$75,$-4,$-11,$-63,$-3,$90,$-9,$0,$0,$0,$3,$3,$0,$-6,$0,$0,$0,$-5,$-5,$-36,$1,$-40,$44,$12,$-36
15,2014-12-31,39.07,$9.40,4.16,$18.86,2.07,$9.90,3.95,$3.72,10.5,$1.17B,$0.46B,2.52,$0.19B,$0.79B,0.24,$1.60B,$0.81B,50.44%,$1.60B,$0.49B,30.35%,$1.60B,$0.49B,30.35%,$1.60B,$0.56B,35.23%,$1.60B,$0.49B,30.66%,$1.60B,$0.31B,19.65%,$0.31B,$0.79B,40.78%,$0.31B,$0.63B,51.48%,$0.31B,$1.51B,22.05%,$0.49B,$0.98B,50.52%,$397,$198,$199,$0,$76,$278,$119,$5,$124,$43,$81,$81,$81,$138,$119,$84,84,$0.96,$0.96,$643,$243,$0,$1165,$92,$0,$158,$12,$347,$1512,$463,$190,$27,$263,$726,$1,$1042,$-50,$786,$1512,$313,$79,$-1,$78,$-78,$45,$22,$-35,$-47,$345,$-36,$0,$0,$0,$-2,$-2,$-1,$-39,$0,$0,$0,$-131,$-131,$-115,$19,$-227,$79,$54,$-115
16,2014-09-30,40.26,$9.42,4.27,$18.54,2.17,$9.39,4.29,$3.67,10.97,$1.06B,$0.38B,2.8,$0.19B,$0.79B,0.24,$1.58B,$0.80B,50.70%,$1.58B,$0.48B,30.39%,$1.58B,$0.48B,30.39%,$1.58B,$0.56B,35.41%,$1.58B,$0.49B,30.84%,$1.58B,$0.31B,19.80%,$0.31B,$0.79B,41.87%,$0.31B,$0.63B,53.40%,$0.31B,$1.40B,22.60%,$0.48B,$0.98B,51.22%,$410,$199,$210,$0,$73,$284,$125,$-4,$121,$47,$75,$75,$75,$145,$125,$84,84,$0.89,$0.89,$590,$244,$0,$1056,$87,$0,$158,$25,$343,$1399,$377,$190,$28,$230,$607,$1,$997,$-18,$792,$1399,$232,$60,$11,$71,$-24,$60,$2,$-82,$-43,$260,$81,$0,$0,$0,$-132,$-132,$-1,$-53,$0,$0,$0,$-96,$-96,$-87,$16,$-166,$41,$41,$-87
17,2014-06-30,48.48,$9.11,5.32,$17.74,2.73,$7.33,6.61,$3.58,13.54,$1.08B,$0.44B,2.48,$0.19B,$0.77B,0.25,$1.51B,$0.77B,50.56%,$1.51B,$0.46B,30.20%,$1.51B,$0.46B,30.20%,$1.51B,$0.53B,35.29%,$1.51B,$0.47B,31.13%,$1.51B,$0.31B,20.16%,$0.31B,$0.77B,43.56%,$0.31B,$0.61B,56.67%,$0.31B,$1.44B,22.79%,$0.46B,$0.96B,51.33%,$401,$198,$203,$0,$76,$277,$124,$3,$127,$44,$83,$83,$83,$144,$124,$85,85,$0.98,$0.98,$597,$217,$0,$1083,$83,$0,$162,$24,$354,$1437,$437,$190,$25,$228,$665,$1,$951,$-14,$772,$1437,$158,$40,$-13,$27,$-66,$32,$4,$-26,$-55,$129,$-18,$0,$0,$0,$12,$12,$0,$-6,$0,$0,$0,$-62,$-62,$-58,$17,$-103,$20,$28,$-58
18,2014-03-31,56.74,$8.60,6.6,$16.89,3.36,$6.78,8.37,$3.21,17.68,$1.00B,$0.39B,2.56,$0.19B,$0.73B,0.26,$1.44B,$0.73B,50.21%,$1.44B,$0.42B,28.95%,$1.44B,$0.42B,28.95%,$1.44B,$0.49B,34.07%,$1.44B,$0.43B,29.57%,$1.44B,$0.27B,18.98%,$0.27B,$0.73B,42.28%,$0.27B,$0.57B,56.38%,$0.27B,$1.35B,21.45%,$0.42B,$0.92B,49.88%,$390,$197,$194,$0,$74,$274,$117,$1,$118,$43,$75,$75,$75,$136,$117,$85,85,$0.88,$0.88,$623,$200,$0,$1004,$83,$0,$162,$14,$344,$1348,$393,$190,$24,$226,$619,$1,$897,$-16,$730,$1348,$75,$19,$14,$33,$14,$19,$-2,$-50,$-19,$89,$-14,$0,$0,$0,$3,$3,$0,$-11,$0,$0,$0,$-18,$-18,$-29,$1,$-46,$33,$13,$-29
19,2013-12-31,49.93,$8.06,6.19,$16.00,3.12,$6.58,7.59,$2.96,16.87,$1.01B,$0.42B,2.4,$0.19B,$0.69B,0.28,$1.37B,$0.68B,49.74%,$1.37B,$0.38B,28.01%,$1.37B,$0.38B,28.01%,$1.37B,$0.46B,33.26%,$1.37B,$0.39B,28.67%,$1.37B,$0.25B,18.45%,$0.25B,$0.69B,41.90%,$0.25B,$0.53B,57.27%,$0.25B,$1.34B,20.35%,$0.38B,$0.88B,48.38%,$375,$183,$192,$0,$75,$262,$113,$7,$120,$41,$79,$79,$79,$133,$113,$86,86,$0.92,$0.92,$609,$201,$0,$1006,$73,$0,$162,$12,$331,$1337,$420,$190,$27,$230,$650,$1,$851,$-16,$687,$1337,$253,$72,$-7,$65,$-8,$-28,$9,$-3,$-31,$287,$-17,$0,$22,$0,$21,$21,$0,$26,$0,$0,$0,$-72,$-72,$-96,$13,$-155,$158,$53,$-96
20,2013-09-30,39.26,$7.17,5.48,$15.15,2.59,$5.97,6.58,$2.66,14.76,$0.88B,$0.35B,2.52,$0.19B,$0.61B,0.31,$1.30B,$0.64B,49.11%,$1.30B,$0.35B,27.25%,$1.30B,$0.35B,27.25%,$1.30B,$0.42B,32.64%,$1.30B,$0.36B,27.33%,$1.30B,$0.23B,17.47%,$0.23B,$0.61B,40.57%,$0.23B,$0.45B,57.11%,$0.23B,$1.23B,18.96%,$0.35B,$0.80B,47.23%,$347,$171,$176,$0,$70,$244,$103,$2,$106,$37,$68,$68,$68,$121,$103,$86,86,$0.80,$0.80,$529,$196,$0,$884,$70,$0,$162,$13,$348,$1232,$352,$190,$26,$268,$620,$1,$801,$-41,$612,$1232,$174,$52,$-13,$39,$26,$-9,$4,$-52,$-32,$181,$-11,$0,$22,$0,$22,$22,$0,$33,$0,$0,$0,$-52,$-52,$-72,$7,$-118,$96,$39,$-72
21,2013-06-30,32.98,$6.57,5.02,$14.52,2.27,$5.60,5.89,$1.96,16.82,$0.85B,$0.36B,2.34,$0.19B,$0.56B,0.34,$1.25B,$0.60B,48.43%,$1.25B,$0.33B,26.59%,$1.25B,$0.33B,26.59%,$1.25B,$0.40B,32.05%,$1.25B,$0.33B,26.43%,$1.25B,$0.17B,13.49%,$0.17B,$0.56B,30.63%,$0.17B,$0.40B,43.47%,$0.17B,$1.19B,14.12%,$0.33B,$0.75B,44.82%,$332,$169,$163,$0,$74,$247,$85,$-2,$83,$31,$52,$52,$52,$102,$85,$86,86,$0.61,$0.61,$460,$195,$0,$849,$70,$0,$162,$14,$342,$1192,$364,$190,$25,$265,$628,$1,$756,$-46,$563,$1192,$106,$34,$-18,$17,$1,$-15,$-1,$-35,$-51,$72,$-7,$0,$22,$0,$13,$13,$0,$28,$0,$0,$0,$-37,$-37,$-48,$6,$-79,$21,$25,$-48
22,2013-03-31,32.97,$6.46,5.1,$14.02,2.35,$5.94,5.55,$1.83,18.02,$0.87B,$0.39B,2.24,$0.19B,$0.55B,0.34,$1.20B,$0.58B,47.88%,$1.20B,$0.31B,26.10%,$1.20B,$0.31B,26.10%,$1.20B,$0.38B,31.75%,$1.20B,$0.31B,25.94%,$1.20B,$0.16B,13.13%,$0.16B,$0.55B,28.69%,$0.16B,$0.39B,42.27%,$0.16B,$1.21B,13.42%,$0.31B,$0.74B,42.39%,$317,$166,$151,$0,$64,$234,$83,$2,$84,$31,$54,$54,$54,$100,$83,$86,86,$0.63,$0.63,$545,$176,$0,$874,$69,$0,$162,$15,$338,$1213,$391,$190,$24,$269,$660,$1,$728,$-43,$553,$1213,$54,$17,$9,$27,$32,$-62,$-1,$12,$-19,$61,$-3,$0,$22,$0,$7,$7,$0,$26,$0,$0,$0,$-3,$-3,$-24,$1,$-27,$60,$12,$-24
23,2012-12-31,26.02,$5.96,4.37,$13.68,1.9,$6.21,4.19,$1.75,14.87,$0.81B,$0.37B,2.2,$0.19B,$0.51B,0.37,$1.17B,$0.56B,47.87%,$1.17B,$0.30B,25.81%,$1.17B,$0.30B,25.81%,$1.17B,$0.37B,31.60%,$1.17B,$0.30B,25.64%,$1.17B,$0.15B,12.86%,$0.15B,$0.51B,27.23%,$0.15B,$0.35B,41.63%,$0.15B,$1.15B,12.97%,$0.30B,$0.70B,40.70%,$303,$155,$148,$0,$62,$219,$83,$-1,$82,$30,$52,$52,$53,$101,$83,$86,86,$0.63,$0.63,$421,$176,$0,$805,$69,$0,$162,$11,$348,$1153,$365,$190,$25,$277,$643,$1,$698,$-47,$510,$1153,$151,$69,$49,$118,$-31,$-43,$7,$32,$-35,$233,$-15,$0,$0,$0,$-2,$-2,$0,$-17,$0,$0,$0,$-49,$-49,$-171,$7,$-213,$3,$50,$-171
24,2012-09-30,23.57,$6.64,3.55,$12.90,1.83,$6.73,3.5,$1.60,14.73,$0.86B,$0.37B,2.3,$0.19B,$0.57B,0.33,$1.11B,$0.53B,47.97%,$1.11B,$0.28B,25.11%,$1.11B,$0.28B,25.11%,$1.11B,$0.35B,31.26%,$1.11B,$0.28B,25.02%,$1.11B,$0.14B,12.47%,$0.14B,$0.57B,24.73%,$0.14B,$0.41B,37.68%,$0.14B,$1.20B,12.04%,$0.28B,$0.76B,37.17%,$293,$152,$141,$0,$58,$214,$80,$-0,$80,$27,$52,$52,$9,$96,$80,$86,86,$0.10,$0.10,$456,$172,$0,$855,$69,$0,$162,$13,$348,$1202,$372,$190,$24,$262,$634,$1,$754,$-41,$568,$1202,$98,$52,$34,$85,$-52,$-33,$6,$46,$-32,$150,$-11,$0,$0,$0,$7,$7,$0,$-4,$0,$0,$0,$-36,$-36,$-64,$3,$-97,$49,$37,$-64
25,2012-06-30,21.59,$6.66,3.24,$12.74,1.69,$7.73,2.79,$1.96,11.02,$0.76B,$0.31B,2.42,$0.19B,$0.57B,0.33,$1.09B,$0.53B,47.99%,$1.09B,$0.27B,24.86%,$1.09B,$0.27B,24.86%,$1.09B,$0.34B,31.26%,$1.09B,$0.26B,24.13%,$1.09B,$0.17B,15.45%,$0.17B,$0.57B,30.94%,$0.17B,$0.35B,49.74%,$0.17B,$1.14B,15.24%,$0.27B,$0.76B,36.94%,$290,$153,$136,$0,$66,$222,$68,$-2,$66,$25,$41,$41,$42,$85,$68,$86,86,$0.48,$0.48,$421,$159,$0,$758,$69,$0,$221,$13,$386,$1143,$313,$190,$23,$259,$572,$1,$767,$-44,$572,$1143,$89,$35,$5,$39,$-0,$-24,$5,$-9,$-28,$100,$-6,$0,$0,$0,$-5,$-5,$0,$-11,$0,$0,$0,$-29,$-29,$-43,$3,$-69,$20,$25,$-43
26,2012-03-31,22.93,$6.64,3.45,$12.97,1.77,$8.54,2.69,$2.06,11.13,$0.78B,$0.33B,2.34,$0.19B,$0.57B,0.33,$1.11B,$0.53B,47.85%,$1.11B,$0.28B,25.40%,$1.11B,$0.28B,25.40%,$1.11B,$0.35B,31.69%,$1.11B,$0.28B,24.87%,$1.11B,$0.18B,15.89%,$0.18B,$0.57B,33.26%,$0.18B,$0.35B,54.34%,$0.18B,$1.16B,16.32%,$0.28B,$0.76B,39.18%,$288,$151,$137,$0,$62,$216,$72,$1,$73,$26,$47,$47,$47,$89,$72,$86,86,$0.55,$0.55,$474,$129,$0,$775,$73,$0,$221,$14,$384,$1159,$331,$190,$21,$260,$591,$1,$747,$-42,$568,$1159,$47,$17,$46,$63,$-2,$-31,$1,$5,$-27,$84,$-2,$0,$0,$0,$5,$5,$0,$3,$0,$0,$0,$-0,$-0,$-21,$0,$-21,$66,$12,$-21
27,2011-12-31,17.53,$6.12,2.86,$13.06,1.34,$8.16,2.15,$2.04,8.59,$0.70B,$0.29B,2.42,$0.19B,$0.52B,0.36,$1.12B,$0.53B,47.37%,$1.12B,$0.29B,25.47%,$1.12B,$0.29B,25.47%,$1.12B,$0.36B,31.70%,$1.12B,$0.28B,24.67%,$1.12B,$0.18B,15.67%,$0.18B,$0.52B,34.22%,$0.18B,$0.36B,57.19%,$0.18B,$1.08B,16.77%,$0.29B,$0.71B,40.61%,$236,$119,$117,$0,$55,$177,$58,$-0,$58,$21,$37,$37,$40,$76,$58,$86,86,$0.48,$0.48,$374,$134,$0,$700,$73,$0,$162,$14,$383,$1082,$289,$190,$23,$270,$559,$1,$721,$-48,$524,$1082,$175,$70,$101,$171,$-37,$31,$2,$-59,$-63,$283,$-20,$0,$0,$0,$-10,$-10,$0,$-30,$0,$0,$0,$-60,$-60,$-69,$8,$-121,$132,$46,$-69
28,2011-09-30,17.52,$6.10,2.87,$12.82,1.37,$6.53,2.68,$2.11,8.3,$0.67B,$0.29B,2.29,$0.19B,$0.52B,0.37,$1.10B,$0.53B,48.00%,$1.10B,$0.29B,26.50%,$1.10B,$0.29B,26.50%,$1.10B,$0.36B,32.76%,$1.10B,$0.29B,25.86%,$1.10B,$0.18B,16.52%,$0.18B,$0.52B,36.58%,$0.18B,$0.30B,65.88%,$0.18B,$1.05B,17.79%,$0.29B,$0.71B,42.47%,$280,$145,$135,$0,$57,$206,$74,$-7,$67,$28,$39,$39,$40,$92,$74,$86,86,$0.46,$0.46,$372,$124,$0,$672,$72,$0,$221,$13,$379,$1051,$293,$190,$22,$236,$530,$1,$703,$-28,$521,$1051,$135,$52,$91,$143,$-33,$26,$-3,$-30,$-40,$239,$-14,$0,$0,$0,$-7,$-7,$0,$-21,$0,$0,$0,$-52,$-52,$-52,$8,$-96,$121,$34,$-52
29,2011-06-30,25.14,$5.99,4.2,$12.54,2.01,$5.27,4.77,$2.12,11.86,$0.67B,$0.30B,2.23,$0.19B,$0.52B,0.37,$1.08B,$0.51B,47.26%,$1.08B,$0.28B,25.81%,$1.08B,$0.28B,25.81%,$1.08B,$0.35B,32.22%,$1.08B,$0.28B,25.91%,$1.08B,$0.18B,16.99%,$0.18B,$0.52B,38.83%,$0.18B,$0.29B,73.20%,$0.18B,$1.05B,18.54%,$0.28B,$0.71B,45.30%,$310,$166,$144,$0,$62,$231,$79,$-0,$79,$29,$50,$50,$50,$96,$79,$86,86,$0.58,$0.58,$384,$118,$0,$665,$72,$0,$221,$15,$379,$1045,$299,$190,$21,$231,$529,$1,$680,$-18,$516,$1045,$96,$34,$83,$117,$-19,$1,$6,$-29,$-41,$172,$-8,$0,$0,$0,$5,$5,$0,$-3,$0,$0,$0,$-33,$-33,$-34,$7,$-60,$109,$23,$-34
30,2011-03-31,28.09,$5.79,4.85,$11.93,2.35,$4.04,6.96,$1.94,14.48,$0.64B,$0.30B,2.16,$0.19B,$0.50B,0.38,$1.02B,$0.48B,47.07%,$1.02B,$0.26B,25.49%,$1.02B,$0.26B,25.49%,$1.02B,$0.33B,32.42%,$1.02B,$0.26B,25.20%,$1.02B,$0.17B,16.31%,$0.17B,$0.50B,38.26%,$0.17B,$0.28B,77.49%,$0.17B,$1.02B,17.70%,$0.26B,$0.69B,49.11%,$297,$160,$136,$0,$58,$222,$75,$-2,$73,$27,$46,$46,$46,$92,$75,$86,86,$0.53,$0.53,$282,$221,$0,$643,$73,$0,$221,$15,$377,$1020,$298,$190,$20,$226,$524,$1,$647,$-16,$496,$1020,$46,$17,$6,$23,$-8,$2,$2,$-10,$-14,$55,$-5,$0,$0,$0,$-24,$-24,$0,$-29,$0,$0,$0,$-2,$-2,$-17,$1,$-18,$8,$10,$-17
31,2010-12-31,24.29,$5.33,4.56,$11.41,2.13,$3.88,6.26,$1.83,13.27,$0.61B,$0.28B,2.15,$0.19B,$0.46B,0.42,$0.98B,$0.46B,46.68%,$0.98B,$0.25B,25.03%,$0.98B,$0.25B,25.03%,$0.98B,$0.32B,32.28%,$0.98B,$0.24B,24.62%,$0.98B,$0.16B,16.04%,$0.16B,$0.46B,38.27%,$0.16B,$0.24B,82.96%,$0.16B,$0.98B,17.19%,$0.25B,$0.65B,53.52%,$215,$101,$114,$0,$47,$151,$64,$2,$66,$23,$43,$43,$46,$81,$64,$86,86,$0.54,$0.54,$277,$193,$0,$605,$71,$0,$221,$15,$372,$977,$282,$190,$21,$238,$520,$1,$619,$-18,$457,$977,$157,$72,$-40,$32,$102,$-8,$-89,$-54,$-49,$141,$-17,$0,$0,$0,$-50,$-50,$0,$-68,$-10,$0,$-10,$-53,$-53,$-65,$6,$-122,$-49,$40,$-65
32,2010-09-30,18.72,$4.87,3.84,$11.77,1.59,$3.98,4.7,$1.68,11.15,$0.54B,$0.45B,1.21,$0.00B,$0.42B,0.0,$1.01B,$0.46B,45.19%,$1.01B,$0.23B,23.09%,$1.01B,$0.23B,23.09%,$1.01B,$0.30B,30.03%,$1.01B,$0.23B,22.60%,$1.01B,$0.14B,14.27%,$0.14B,$0.42B,37.09%,$0.14B,$0.20B,86.10%,$0.14B,$0.91B,15.74%,$0.23B,$0.42B,53.17%,$255,$139,$115,$0,$52,$195,$60,$1,$61,$20,$41,$41,$41,$78,$60,$85,85,$0.47,$0.47,$304,$96,$0,$541,$70,$0,$221,$10,$366,$907,$446,$0,$20,$44,$491,$1,$590,$-19,$416,$907,$111,$55,$3,$58,$93,$16,$-109,$-40,$-41,$128,$-12,$0,$0,$0,$-7,$-7,$0,$-20,$-10,$0,$-10,$-52,$-52,$-49,$4,$-106,$2,$30,$-49
33,2010-06-30,14.75,$4.41,3.34,$11.33,1.3,$3.51,4.2,$1.60,9.22,$0.50B,$0.45B,1.12,$0.00B,$0.38B,0.0,$0.97B,$0.44B,45.06%,$0.97B,$0.22B,22.84%,$0.97B,$0.22B,22.84%,$0.97B,$0.29B,29.63%,$0.97B,$0.22B,22.12%,$0.97B,$0.14B,13.99%,$0.14B,$0.38B,36.68%,$0.14B,$0.16B,90.97%,$0.14B,$0.87B,15.13%,$0.22B,$0.38B,47.16%,$257,$140,$117,$0,$51,$195,$62,$-5,$58,$23,$34,$34,$34,$81,$62,$86,86,$0.40,$0.40,$256,$88,$0,$500,$69,$0,$221,$11,$369,$869,$447,$0,$19,$45,$492,$1,$565,$-24,$377,$869,$70,$37,$3,$39,$83,$19,$-105,$-41,$-44,$65,$-8,$0,$0,$0,$-10,$-10,$0,$-18,$-10,$0,$-10,$-51,$-51,$-33,$4,$-89,$-42,$19,$-33
34,2010-03-31,24.3,$4.57,5.32,$10.66,2.28,$3.25,7.48,$1.47,16.53,$0.53B,$0.46B,1.15,$0.00B,$0.39B,0.0,$0.92B,$0.40B,44.15%,$0.92B,$0.20B,21.64%,$0.92B,$0.20B,21.64%,$0.92B,$0.26B,28.20%,$0.92B,$0.19B,21.20%,$0.92B,$0.13B,13.66%,$0.13B,$0.39B,34.75%,$0.13B,$0.17B,90.25%,$0.13B,$0.90B,14.20%,$0.20B,$0.39B,38.84%,$252,$141,$111,$0,$49,$193,$59,$-3,$56,$20,$36,$36,$36,$76,$59,$86,86,$0.42,$0.42,$320,$83,$0,$532,$68,$0,$221,$11,$368,$900,$461,$0,$18,$48,$509,$1,$548,$-20,$391,$900,$36,$18,$5,$23,$101,$-11,$-96,$-13,$-19,$40,$-4,$0,$0,$0,$-10,$-10,$0,$-14,$-10,$0,$-10,$-8,$-8,$-16,$1,$-34,$-8,$9,$-16
35,2009-12-31,20.48,$4.30,4.76,$9.81,2.09,$2.93,6.98,$1.23,16.65,$0.62B,$0.36B,1.72,$0.20B,$0.37B,0.54,$0.84B,$0.37B,43.57%,$0.84B,$0.17B,20.24%,$0.84B,$0.17B,20.24%,$0.84B,$0.23B,26.90%,$0.84B,$0.16B,19.40%,$0.84B,$0.10B,12.38%,$0.10B,$0.37B,30.30%,$0.10B,$0.15B,85.25%,$0.10B,$0.98B,12.13%,$0.17B,$0.57B,31.29%,$245,$132,$113,$0,$57,$193,$52,$0,$53,$19,$33,$33,$33,$68,$52,$85,86,$0.39,$0.39,$317,$71,$0,$619,$68,$0,$221,$11,$365,$983,$361,$200,$18,$254,$614,$1,$528,$-22,$369,$983,$106,$56,$36,$93,$-119,$-24,$140,$-39,$-43,$155,$-23,$0,$0,$0,$-6,$-6,$0,$-29,$0,$0,$0,$-29,$-29,$-65,$3,$-92,$34,$31,$-65
36,2009-09-30,18.96,$4.05,4.68,$9.16,2.07,$2.53,7.49,$0.83,22.85,$0.49B,$0.26B,1.91,$0.20B,$0.35B,0.58,$0.79B,$0.32B,41.22%,$0.79B,$0.13B,15.90%,$0.79B,$0.13B,15.90%,$0.79B,$0.20B,25.06%,$0.79B,$0.11B,14.38%,$0.79B,$0.07B,8.91%,$0.07B,$0.35B,21.15%,$0.07B,$0.12B,63.78%,$0.07B,$0.84B,8.69%,$0.13B,$0.55B,23.54%,$218,$121,$97,$0,$44,$169,$49,$-1,$48,$15,$33,$33,$33,$63,$49,$86,86,$0.39,$0.39,$283,$78,$0,$489,$59,$0,$221,$15,$354,$843,$256,$200,$13,$242,$497,$1,$511,$-18,$346,$843,$72,$41,$22,$63,$-19,$-33,$39,$-36,$-48,$87,$-11,$0,$0,$0,$-7,$-7,$0,$-18,$0,$0,$0,$-30,$-30,$-49,$2,$-77,$-9,$23,$-49
37,2009-06-30,17.32,$3.87,4.47,$9.43,1.84,$2.31,7.5,$0.84,20.62,$0.45B,$0.22B,2.01,$0.20B,$0.33B,0.6,$0.81B,$0.33B,41.04%,$0.81B,$0.13B,16.32%,$0.81B,$0.13B,16.32%,$0.81B,$0.21B,25.83%,$0.81B,$0.12B,14.46%,$0.81B,$0.07B,8.65%,$0.07B,$0.33B,20.80%,$0.07B,$0.11B,61.67%,$0.07B,$0.80B,8.70%,$0.13B,$0.53B,24.60%,$200,$116,$83,$0,$42,$162,$38,$-1,$37,$14,$23,$23,$23,$51,$38,$86,86,$0.27,$0.27,$255,$71,$0,$447,$59,$0,$221,$14,$349,$796,$223,$200,$13,$241,$463,$1,$494,$-21,$333,$796,$39,$27,$17,$43,$-8,$-14,$14,$-31,$-40,$42,$-8,$0,$0,$0,$-7,$-7,$0,$-15,$0,$0,$0,$-14,$-14,$-32,$1,$-46,$-18,$15,$-32
38,2009-03-31,11.75,$3.84,3.06,$10.01,1.17,$2.36,4.97,$0.99,11.87,$0.46B,$0.24B,1.94,$0.20B,$0.33B,0.62,$0.86B,$0.36B,41.30%,$0.86B,$0.15B,17.52%,$0.86B,$0.15B,17.52%,$0.86B,$0.23B,26.91%,$0.86B,$0.14B,15.78%,$0.86B,$0.08B,9.51%,$0.08B,$0.33B,23.58%,$0.08B,$0.10B,66.67%,$0.08B,$0.81B,9.88%,$0.15B,$0.53B,27.57%,$177,$103,$73,$0,$39,$146,$31,$-6,$25,$9,$15,$15,$15,$44,$31,$85,85,$0.18,$0.18,$277,$58,$0,$464,$59,$0,$221,$13,$344,$808,$239,$200,$14,$243,$482,$1,$487,$-24,$325,$808,$15,$13,$9,$22,$-14,$-29,$37,$-19,$-25,$13,$-4,$0,$0,$0,$-0,$-0,$0,$-4,$0,$0,$0,$-3,$-3,$-16,$0,$-19,$-10,$7,$-16
39,2008-12-31,10.05,$3.77,2.66,$10.63,0.95,$2.38,4.22,$1.14,8.82,$0.43B,$0.21B,2.11,$0.20B,$0.32B,0.63,$0.92B,$0.38B,41.35%,$0.92B,$0.17B,18.06%,$0.92B,$0.17B,18.06%,$0.92B,$0.25B,26.99%,$0.92B,$0.16B,16.97%,$0.92B,$0.10B,10.34%,$0.10B,$0.32B,26.39%,$0.10B,$0.10B,71.29%,$0.10B,$0.78B,11.17%,$0.17B,$0.52B,29.64%,$191,$120,$71,$0,$54,$184,$7,$-3,$3,$4,$-1,$-1,$-1,$39,$7,$86,86,$-0.01,$0.00,$259,$59,$0,$431,$60,$0,$221,$11,$345,$775,$205,$200,$18,$251,$455,$1,$488,$-26,$320,$775,$96,$83,$-2,$81,$30,$51,$-74,$-60,$-53,$124,$-26,$0,$0,$0,$2,$2,$0,$-24,$0,$0,$0,$-97,$-97,$-64,$7,$-154,$-54,$30,$-64
40,2008-09-30,15.76,$4.32,3.65,$11.20,1.41,$2.64,5.98,$1.57,10.04,$0.46B,$0.23B,2.02,$0.20B,$0.37B,0.54,$0.96B,$0.41B,42.53%,$0.96B,$0.21B,21.89%,$0.96B,$0.21B,21.89%,$0.96B,$0.27B,28.22%,$0.96B,$0.21B,21.68%,$0.96B,$0.13B,13.59%,$0.13B,$0.37B,34.89%,$0.13B,$0.14B,89.27%,$0.13B,$0.84B,14.88%,$0.21B,$0.57B,36.66%,$241,$136,$105,$0,$46,$185,$56,$-4,$52,$19,$33,$33,$33,$75,$56,$86,86,$0.39,$0.39,$263,$67,$0,$459,$57,$0,$228,$11,$380,$839,$227,$200,$15,$244,$471,$1,$504,$2,$368,$839,$97,$51,$-2,$48,$10,$33,$-49,$-64,$-70,$75,$-19,$0,$0,$0,$2,$2,$0,$-17,$0,$0,$0,$-76,$-76,$-48,$-3,$-127,$-68,$22,$-48
41,2008-06-30,22.16,$4.39,5.05,$10.96,2.02,$2.97,7.46,$1.56,14.21,$0.52B,$0.28B,1.88,$0.20B,$0.38B,0.53,$0.93B,$0.40B,42.72%,$0.93B,$0.20B,21.84%,$0.93B,$0.20B,21.84%,$0.93B,$0.26B,27.30%,$0.93B,$0.21B,22.27%,$0.93B,$0.13B,13.92%,$0.13B,$0.38B,37.33%,$0.13B,$0.15B,108.79%,$0.13B,$0.90B,15.20%,$0.20B,$0.58B,37.23%,$253,$145,$107,$0,$48,$196,$57,$-1,$56,$20,$35,$35,$35,$74,$57,$86,87,$0.41,$0.40,$319,$71,$0,$520,$54,$0,$228,$11,$378,$898,$277,$200,$15,$243,$519,$1,$487,$5,$378,$898,$64,$31,$13,$44,$13,$-17,$-2,$-51,$-56,$52,$-12,$0,$0,$0,$-23,$-23,$0,$-35,$0,$0,$0,$-44,$-44,$-31,$-3,$-78,$-62,$15,$-31
42,2008-03-31,20.22,$4.35,4.65,$10.50,1.93,$3.04,6.66,$1.50,13.48,$0.52B,$0.28B,1.88,$0.20B,$0.37B,0.54,$0.88B,$0.38B,43.42%,$0.88B,$0.20B,22.11%,$0.88B,$0.20B,22.11%,$0.88B,$0.24B,26.98%,$0.88B,$0.20B,22.68%,$0.88B,$0.13B,14.17%,$0.13B,$0.37B,39.68%,$0.13B,$0.15B,144.93%,$0.13B,$0.89B,15.79%,$0.20B,$0.57B,37.88%,$234,$137,$97,$0,$48,$188,$46,$-1,$45,$17,$28,$28,$28,$60,$46,$86,87,$0.33,$0.33,$355,$47,$0,$523,$51,$0,$228,$10,$368,$891,$279,$200,$15,$239,$517,$1,$468,$5,$374,$891,$28,$14,$6,$20,$14,$-20,$-1,$-25,$-32,$17,$-6,$0,$0,$0,$0,$0,$0,$-6,$0,$0,$0,$-27,$-27,$-15,$2,$-40,$-29,$7,$-15
43,2007-12-31,22.61,$4.41,5.13,$10.09,2.24,$3.19,7.08,$1.52,14.87,$0.55B,$0.27B,2.01,$0.20B,$0.38B,0.52,$0.84B,$0.37B,44.44%,$0.84B,$0.20B,23.30%,$0.84B,$0.20B,23.30%,$0.84B,$0.23B,27.72%,$0.84B,$0.20B,23.89%,$0.84B,$0.13B,15.05%,$0.13B,$0.38B,45.20%,$0.13B,$0.15B,252.00%,$0.13B,$0.89B,17.33%,$0.20B,$0.58B,40.75%,$236,$135,$101,$0,$46,$184,$52,$4,$56,$20,$35,$35,$35,$63,$52,$84,85,$0.36,$0.38,$364,$51,$0,$548,$48,$0,$228,$9,$346,$894,$273,$200,$17,$240,$512,$1,$456,$7,$382,$894,$125,$37,$0,$37,$-26,$-67,$90,$-31,$-35,$128,$-10,$0,$0,$0,$5,$5,$0,$-5,$0,$0,$0,$25,$25,$-55,$7,$-23,$100,$24,$-55
44,2007-09-30,16.83,$3.10,5.43,$9.53,1.77,$2.79,6.02,$1.46,11.53,$0.42B,$0.25B,1.71,$0.20B,$0.26B,0.77,$0.79B,$0.36B,45.24%,$0.79B,$0.19B,23.76%,$0.79B,$0.19B,23.76%,$0.79B,$0.23B,29.35%,$0.79B,$0.19B,24.14%,$0.79B,$0.12B,15.37%,$0.12B,$0.26B,49.49%,$0.12B,$0.03B,768.25%,$0.12B,$0.74B,18.08%,$0.19B,$0.46B,42.09%,$211,$117,$94,$0,$42,$162,$49,$2,$51,$19,$32,$32,$32,$58,$49,$80,82,$0.40,$0.39,$245,$54,$0,$419,$48,$0,$228,$9,$320,$739,$245,$200,$14,$235,$480,$1,$436,$-5,$259,$739,$90,$26,$9,$35,$-14,$-60,$62,$-24,$-36,$89,$-7,$0,$0,$0,$1,$1,$0,$-6,$0,$0,$0,$-49,$-49,$-41,$-3,$-94,$-11,$17,$-41
45,2007-06-30,16.09,$2.92,5.5,$9.11,1.77,$2.23,7.21,$1.37,11.74,$0.33B,$0.16B,2.08,$0.20B,$0.25B,0.82,$0.76B,$0.35B,45.70%,$0.76B,$0.18B,23.31%,$0.76B,$0.18B,23.31%,$0.76B,$0.21B,28.34%,$0.76B,$0.18B,23.44%,$0.76B,$0.11B,15.10%,$0.11B,$0.25B,48.46%,$0.11B,$0.02B,1824.00%,$0.11B,$0.64B,17.93%,$0.18B,$0.45B,40.44%,$201,$110,$91,$0,$40,$153,$48,$-0,$48,$18,$30,$30,$30,$57,$48,$81,82,$0.37,$0.36,$171,$58,$0,$329,$49,$0,$228,$10,$314,$642,$158,$200,$13,$239,$397,$1,$418,$-4,$245,$642,$58,$17,$7,$24,$9,$-7,$-8,$-29,$-35,$47,$-4,$0,$0,$0,$-6,$-6,$0,$-10,$0,$0,$0,$-39,$-39,$-27,$-4,$-70,$-32,$11,$-27
46,2007-03-31,14.32,$2.75,5.21,$8.89,1.61,$2.38,6.02,$1.31,10.93,$0.32B,$0.17B,1.92,$0.20B,$0.23B,0.87,$0.74B,$0.34B,45.71%,$0.74B,$0.10B,12.93%,$0.74B,$0.10B,12.93%,$0.74B,$0.15B,20.00%,$0.74B,$0.10B,12.93%,$0.74B,$0.05B,6.94%,$0.05B,$0.23B,22.22%,$0.05B,$0.00B,-20400.00%,$0.05B,$0.63B,8.05%,$0.10B,$0.43B,22.12%,$189,$104,$86,$0,$37,$144,$46,$-1,$45,$17,$29,$29,$29,$54,$46,$81,83,$0.36,$0.35,$179,$50,$0,$322,$50,$0,$228,$11,$311,$633,$168,$200,$12,$236,$404,$1,$403,$-6,$229,$633,$29,$8,$3,$10,$14,$-8,$-8,$-12,$-14,$26,$-2,$0,$0,$0,$0,$0,$0,$-2,$0,$0,$0,$-36,$-36,$-13,$-0,$-49,$-25,$5,$-13
47,2006-12-31,16.71,$2.89,5.78,$8.69,1.92,$2.50,6.68,$1.26,13.26,$0.35B,$0.19B,1.91,$0.20B,$0.25B,0.82,$0.72B,$0.33B,46.18%,$0.72B,$0.09B,12.38%,$0.72B,$0.09B,12.38%,$0.72B,$0.14B,18.92%,$0.72B,$0.09B,12.38%,$0.72B,$0.05B,6.54%,$0.05B,$0.25B,19.71%,$0.05B,$0.02B,1342.86%,$0.05B,$0.66B,7.35%,$0.09B,$0.45B,20.30%,$186,$101,$85,$0,$38,$142,$44,$2,$46,$16,$30,$30,$30,$62,$44,$81,83,$0.37,$0.35,$197,$48,$0,$352,$51,$0,$228,$11,$311,$663,$185,$200,$9,$233,$418,$1,$388,$-6,$245,$663,$46,$47,$11,$58,$-22,$-7,$31,$-14,$-11,$93,$-10,$0,$0,$0,$8,$8,$0,$-2,$-0,$0,$-0,$-11,$-11,$-51,$-1,$-63,$27,$22,$-51
