,Date,Stock Price,Book Value per Share,Price to Book Ratio,TTM Sales per Share,Price to Sales Ratio,TTM FCF per Share,Price to FCF Ratio,TTM Net EPS,PE Ratio,Current Assets,Current Liabilities,Current Ratio,Long Term Debt,Shareholder's Equity_x,Debt to Equity Ratio,TTM Revenue_x,TTM Gross Profit,Gross Margin,TTM Revenue_y,TTM Operating Income,Operating Margin,TTM Revenue_x,TTM EBIT,EBIT Margin,TTM Revenue_y,TTM EBITDA,EBITDA Margin,TTM Revenue_x,TTM Pre-Tax Income,Pre-Tax Margin,TTM Revenue_y,TTM Net Income_x,Net Margin,TTM Net Income_y,Shareholder's Equity_y,Return on Equity,TTM Net Income_x,Tangible Equity,Return on Tangible Equity,TTM Net Income_y,Total Assets,Return on Assets,TTM Net Income,LT Investments & Debt,Return on Investment,revenue,cost-goods-sold,gross-profit,research-development-expenses,selling-general-administrative-expenses,operating-expenses,operating-income,total-non-operating-income-expense,pre-tax-income,total-provision-income-taxes,income-after-taxes,income-from-continuous-operations,net-income,ebitda,ebit,basic-shares-outstanding,shares-outstanding,eps-basic-net-earnings-per-share,eps-earnings-per-share-diluted,cash-on-hand,inventory,other-current-assets,total-current-assets,net-property-plant-equipment,long-term-investments,goodwill-intangible-assets-total,other-long-term-assets,total-long-term-assets,total-assets,total-current-liabilities,long-term-debt,other-non-current-liabilities,total-long-term-liabilities,total-liabilities,common-stock-net,retained-earnings-accumulated-deficit,comprehensive-income,total-share-holder-equity,total-liabilities-share-holders-equity,net-income-loss,total-depreciation-amortization-cash-flow,other-non-cash-items,total-non-cash-items,change-in-accounts-receivable,change-in-inventories,change-in-accounts-payable,change-in-assets-liabilities,total-change-in-assets-liabilities,cash-flow-from-operating-activities,net-change-in-property-plant-equipment,net-change-in-intangible-assets,net-acquisitions-divestitures,net-change-in-short-term-investments,net-change-in-long-term-investments,net-change-in-investments-total,investing-activities-other,cash-flow-from-investing-activities,net-long-term-debt,net-current-debt,debt-issuance-retirement-net-total,net-common-equity-issued-repurchased,net-total-equity-issued-repurchased,total-common-preferred-stock-dividends-paid,financial-activities-other,cash-flow-from-financial-activities,net-cash-flow,stock-based-compensation,common-stock-dividends-paid
0,2018-09-30,66.76,$31.19,2.14,$24.16,2.76,$5.47,12.21,$4.06,16.44,$1.84B,$3.60B,0.51,$9.12B,$9.81B,0.93,$7.66B,$4.82B,62.89%,$7.66B,$1.60B,20.83%,$7.66B,$1.60B,20.83%,$7.66B,$2.43B,31.70%,$7.66B,$1.37B,17.89%,$7.66B,$1.29B,16.80%,$1.29B,$9.84B,13.27%,$1.29B,$6.79B,19.37%,$1.29B,$32.56B,4.03%,$1.60B,$18.96B,8.57%,$1644,$524,$1120,$0,$604,$1341,$303,$-52,$251,$17,$234,$234,$233,$516,$303,$316,317,$0.74,$0.74,$15,$609,$62,$1840,$21664,$1614,$3053,$749,$30723,$32562,$3603,$9119,$5811,$19117,$22720,$3,$5508,$2,$9843,$32562,$855,$628,$16,$644,$312,$-69,$-71,$155,$327,$2008,$-1480,$0,$-221,$0,$-27,$-27,$7,$-1720,$-94,$344,$249,$-28,$-28,$-523,$-5,$-307,$-18,$0,$-523
1,2018-06-30,64.12,$30.92,2.07,$24.19,2.65,$5.25,12.22,$4.00,16.03,$1.81B,$3.05B,0.59,$9.21B,$9.73B,0.95,$7.67B,$4.81B,62.71%,$7.67B,$1.68B,21.95%,$7.67B,$1.68B,21.95%,$7.67B,$2.51B,32.66%,$7.67B,$1.46B,19.08%,$7.67B,$1.27B,16.54%,$1.27B,$9.76B,13.30%,$1.27B,$6.70B,19.55%,$1.27B,$31.94B,4.02%,$1.68B,$18.97B,9.16%,$1673,$548,$1125,$0,$587,$1342,$331,$-48,$282,$51,$231,$231,$231,$538,$331,$316,317,$0.73,$0.73,$30,$467,$49,$1810,$21078,$1597,$3053,$754,$30127,$31938,$3053,$9209,$5780,$19128,$22181,$3,$5449,$3,$9756,$31938,$622,$415,$27,$442,$236,$73,$-85,$79,$302,$1513,$-908,$0,$-77,$0,$-16,$-16,$4,$-997,$-81,$-75,$-156,$-15,$-15,$-349,$-4,$-523,$-7,$0,$-349
2,2018-03-31,61.64,$30.74,2.01,$24.05,2.56,$4.90,12.57,$3.90,15.8,$1.98B,$3.61B,0.55,$8.62B,$9.67B,0.89,$7.63B,$4.78B,62.59%,$7.63B,$1.72B,22.47%,$7.63B,$1.72B,22.47%,$7.63B,$2.53B,33.12%,$7.63B,$1.50B,19.61%,$7.63B,$1.24B,16.21%,$1.24B,$9.70B,13.16%,$1.24B,$6.65B,19.49%,$1.24B,$31.79B,3.96%,$1.72B,$18.32B,9.46%,$2287,$972,$1314,$0,$561,$1741,$545,$-66,$479,$88,$390,$390,$390,$754,$545,$316,317,$1.24,$1.23,$48,$376,$34,$1981,$21466,$1599,$3053,$757,$29805,$31786,$3606,$8618,$5733,$18482,$22087,$3,$5393,$5,$9698,$31786,$390,$209,$19,$227,$-60,$163,$-171,$210,$142,$894,$-440,$0,$1,$0,$4,$4,$-1,$-436,$-13,$-244,$-257,$-14,$-14,$-174,$-0,$-445,$13,$0,$-174
3,2017-12-31,64.72,$30.08,2.15,$24.10,2.68,$4.68,13.82,$3.79,17.08,$2.21B,$3.87B,0.57,$8.75B,$9.46B,0.92,$7.65B,$4.83B,63.08%,$7.65B,$1.79B,23.33%,$7.65B,$1.79B,23.33%,$7.65B,$2.58B,33.76%,$7.65B,$1.59B,20.76%,$7.65B,$1.20B,15.74%,$1.20B,$9.49B,13.00%,$1.20B,$6.44B,19.38%,$1.20B,$31.59B,3.91%,$1.79B,$18.24B,9.84%,$2055,$797,$1258,$0,$637,$1639,$416,$-59,$358,$-75,$433,$433,$433,$621,$416,$316,317,$1.37,$1.36,$39,$539,$75,$2214,$21347,$1553,$3054,$620,$29377,$31591,$3869,$8747,$5542,$18229,$22099,$3,$5177,$3,$9492,$31591,$1205,$799,$146,$945,$-86,$49,$9,$156,$127,$2080,$-1936,$0,$-226,$0,$-110,$-110,$32,$-2240,$281,$584,$865,$-41,$-41,$-657,$-7,$161,$1,$0,$-657
4,2017-09-30,60.7,$29.23,2.08,$23.82,2.55,$6.90,8.8,$3.04,19.97,$1.82B,$3.03B,0.6,$8.79B,$9.20B,0.96,$7.56B,$4.79B,63.32%,$7.56B,$1.73B,22.90%,$7.56B,$1.73B,22.90%,$7.56B,$2.51B,33.14%,$7.56B,$1.54B,20.32%,$7.56B,$0.97B,12.77%,$0.97B,$9.23B,10.57%,$0.97B,$6.17B,15.87%,$0.97B,$31.01B,3.17%,$1.73B,$18.01B,9.56%,$1658,$543,$1115,$0,$521,$1265,$392,$-47,$345,$130,$216,$216,$215,$593,$392,$316,318,$0.68,$0.68,$18,$672,$43,$1823,$20883,$1561,$3054,$585,$29190,$31013,$3026,$8786,$3347,$18761,$21787,$3,$4908,$2,$9226,$31013,$772,$594,$311,$904,$311,$-84,$-111,$80,$195,$1746,$-1287,$0,$-226,$0,$-55,$-55,$1,$-1566,$183,$133,$316,$-35,$-35,$-492,$-3,$-214,$-34,$0,$-492
5,2017-06-30,58.87,$29.10,2.02,$24.00,2.45,$7.73,7.62,$3.04,19.37,$1.78B,$2.79B,0.64,$8.80B,$9.15B,0.96,$7.61B,$4.83B,63.43%,$7.61B,$1.74B,22.83%,$7.61B,$1.74B,22.83%,$7.61B,$2.51B,32.93%,$7.61B,$1.54B,20.19%,$7.61B,$0.97B,12.70%,$0.97B,$9.18B,10.68%,$0.97B,$6.13B,16.10%,$0.97B,$30.56B,3.22%,$1.74B,$17.98B,9.60%,$1632,$542,$1090,$0,$530,$1269,$362,$-47,$315,$116,$199,$199,$199,$560,$362,$316,317,$0.63,$0.63,$37,$510,$47,$1780,$20524,$1544,$3054,$550,$28780,$30560,$2787,$8800,$3368,$18589,$21376,$3,$4857,$3,$9183,$30560,$556,$392,$149,$541,$247,$78,$-114,$33,$244,$1267,$-769,$0,$-226,$0,$-42,$-42,$1,$-1036,$195,$-85,$110,$-24,$-24,$-328,$-3,$-245,$-14,$0,$-328
6,2017-03-31,57.66,$29.01,1.99,$23.92,2.41,$8.58,6.72,$2.98,19.35,$1.86B,$2.06B,0.9,$9.14B,$9.13B,1.0,$7.58B,$4.83B,63.73%,$7.58B,$1.71B,22.52%,$7.58B,$1.71B,22.52%,$7.58B,$2.47B,32.61%,$7.58B,$1.52B,20.01%,$7.58B,$0.95B,12.51%,$0.95B,$9.16B,10.57%,$0.95B,$6.11B,16.00%,$0.95B,$30.02B,3.20%,$1.71B,$18.30B,9.46%,$2305,$941,$1363,$0,$554,$1690,$615,$-45,$570,$213,$357,$357,$357,$809,$615,$316,317,$1.13,$1.12,$46,$417,$39,$1855,$19990,$1513,$3046,$528,$28161,$30017,$2055,$9144,$3355,$18806,$20861,$3,$4822,$3,$9156,$30017,$357,$195,$38,$232,$55,$171,$-213,$132,$145,$715,$-330,$0,$13,$0,$-19,$-19,$3,$-333,$-12,$-190,$-202,$-14,$-14,$-164,$-1,$-381,$1,$0,$-164
7,2016-12-31,55.28,$28.39,1.95,$23.57,2.34,$8.58,6.45,$2.95,18.74,$2.17B,$2.43B,0.89,$9.16B,$8.93B,1.03,$7.47B,$4.83B,64.58%,$7.47B,$1.68B,22.51%,$7.47B,$1.68B,22.51%,$7.47B,$2.45B,32.72%,$7.47B,$1.51B,20.17%,$7.47B,$0.94B,12.55%,$0.94B,$8.96B,10.54%,$0.94B,$5.91B,15.99%,$0.94B,$30.12B,3.18%,$1.68B,$18.12B,9.38%,$1963,$746,$1218,$0,$663,$1601,$362,$-56,$306,$111,$195,$195,$194,$543,$362,$316,317,$0.62,$0.62,$38,$588,$98,$2169,$19916,$1444,$3046,$461,$27955,$30123,$2432,$9158,$3362,$18731,$21163,$3,$4614,$3,$8960,$30123,$940,$763,$419,$1181,$-181,$100,$34,$82,$36,$2104,$-1257,$0,$0,$0,$-42,$-42,$30,$-1270,$94,$-235,$-141,$-66,$-66,$-625,$-14,$-846,$-12,$0,$-625
8,2016-09-30,55.94,$28.27,1.98,$24.16,2.32,$6.11,9.15,$2.91,19.22,$1.82B,$2.03B,0.9,$9.09B,$8.89B,1.02,$7.36B,$4.77B,64.88%,$7.36B,$1.70B,23.10%,$7.36B,$1.70B,23.10%,$7.36B,$2.48B,33.64%,$7.36B,$1.52B,20.64%,$7.36B,$0.92B,12.54%,$0.92B,$8.92B,10.45%,$0.92B,$5.88B,15.91%,$0.92B,$29.44B,3.15%,$1.70B,$18.01B,9.53%,$1713,$555,$1158,$0,$567,$1314,$399,$-53,$346,$128,$217,$217,$217,$595,$399,$316,317,$0.69,$0.68,$25,$654,$50,$1818,$19612,$1545,$3046,$418,$27626,$29444,$2026,$9088,$3226,$18496,$20522,$3,$4576,$4,$8922,$29444,$746,$582,$380,$962,$185,$34,$-95,$-4,$120,$1722,$-1000,$0,$161,$0,$-27,$-27,$24,$-842,$-54,$-306,$-359,$-65,$-65,$-469,$-12,$-905,$-25,$0,$-469
9,2016-06-30,60.52,$28.08,2.16,$24.11,2.51,$4.81,12.58,$2.81,21.54,$1.77B,$2.14B,0.83,$8.90B,$8.83B,1.01,$7.34B,$4.72B,64.32%,$7.34B,$1.65B,22.43%,$7.34B,$1.65B,22.43%,$7.34B,$2.40B,32.69%,$7.34B,$1.47B,19.98%,$7.34B,$0.89B,12.11%,$0.89B,$8.86B,10.13%,$0.89B,$5.82B,15.70%,$0.89B,$29.18B,3.05%,$1.65B,$17.77B,9.30%,$1602,$508,$1094,$0,$572,$1270,$332,$-37,$295,$114,$182,$182,$181,$526,$332,$316,317,$0.57,$0.57,$32,$495,$89,$1766,$19399,$1513,$3046,$420,$27409,$29175,$2137,$8902,$3220,$18174,$20311,$3,$4515,$4,$8864,$29175,$528,$386,$265,$651,$130,$194,$-112,$-72,$139,$1224,$-458,$0,$0,$0,$-12,$-12,$21,$-449,$-242,$-167,$-409,$-59,$-59,$-312,$-12,$-793,$-18,$0,$-312
10,2016-03-31,55.22,$28.03,1.97,$23.38,2.36,$3.91,14.11,$2.59,21.32,$1.90B,$2.23B,0.85,$8.96B,$8.82B,1.02,$6.73B,$4.27B,63.39%,$6.73B,$1.48B,22.00%,$6.73B,$1.48B,22.00%,$6.73B,$2.15B,31.92%,$6.73B,$1.32B,19.55%,$6.73B,$0.79B,11.72%,$0.79B,$8.85B,9.07%,$0.79B,$5.85B,14.35%,$0.79B,$29.11B,2.72%,$1.48B,$17.81B,8.45%,$2195,$839,$1356,$0,$579,$1606,$589,$-30,$560,$213,$347,$347,$346,$781,$589,$316,317,$1.10,$1.09,$35,$471,$60,$1896,$19259,$1510,$2999,$379,$27208,$29105,$2230,$8956,$3097,$18026,$20256,$3,$4490,$4,$8849,$29105,$347,$192,$176,$368,$-49,$217,$-124,$-7,$38,$696,$-312,$0,$107,$0,$-9,$-9,$26,$-188,$-139,$-199,$-338,$-38,$-38,$-156,$10,$-523,$-15,$0,$-156
11,2015-12-31,46.76,$27.51,1.7,$22.57,2.07,$3.48,13.43,$2.36,19.81,$2.21B,$2.71B,0.82,$9.12B,$8.66B,1.05,$5.93B,$3.69B,62.20%,$5.93B,$1.25B,21.11%,$5.93B,$1.25B,21.11%,$5.93B,$1.83B,30.95%,$5.93B,$1.08B,18.14%,$5.93B,$0.64B,10.78%,$0.64B,$8.69B,8.39%,$0.64B,$5.66B,12.63%,$0.64B,$29.36B,2.51%,$1.25B,$17.81B,8.20%,$1848,$683,$1166,$0,$606,$1468,$380,$-63,$318,$138,$180,$180,$179,$573,$380,$271,273,$0.55,$0.55,$50,$687,$156,$2207,$19190,$1381,$3024,$490,$27148,$29355,$2709,$9124,$3092,$17961,$20670,$3,$4300,$5,$8685,$29355,$640,$584,$287,$870,$84,$-69,$-9,$-13,$-8,$1294,$-1237,$0,$-1330,$0,$-9,$-9,$58,$-2518,$1620,$163,$1783,$-45,$-97,$-455,$-19,$1212,$-12,$0,$-455
12,2015-09-30,47.15,$27.60,1.71,$21.17,2.23,$5.20,9.07,$2.32,20.32,$2.18B,$2.67B,0.82,$8.73B,$8.63B,1.01,$5.30B,$3.22B,60.76%,$5.30B,$1.12B,21.03%,$5.30B,$1.12B,21.03%,$5.30B,$1.61B,30.34%,$5.30B,$0.96B,18.03%,$5.30B,$0.58B,10.96%,$0.58B,$8.71B,8.86%,$0.58B,$5.32B,12.51%,$0.58B,$28.77B,2.66%,$1.12B,$17.44B,8.60%,$1699,$591,$1108,$0,$586,$1353,$346,$-52,$294,$111,$183,$183,$183,$522,$346,$316,317,$0.58,$0.58,$22,$720,$344,$2182,$18785,$1096,$3389,$512,$26588,$28770,$2667,$8727,$2958,$17391,$20058,$3,$4265,$11,$8711,$28770,$460,$391,$93,$484,$270,$-101,$-56,$174,$286,$1074,$-765,$0,$-1330,$0,$-6,$-6,$5,$-2096,$1623,$-271,$1352,$-40,$-40,$-311,$-20,$982,$-40,$0,$-311
13,2015-06-30,40.42,$27.05,1.49,$20.36,1.99,$6.52,6.2,$2.30,17.57,$2.28B,$2.94B,0.77,$8.55B,$8.46B,1.01,$4.64B,$2.74B,59.09%,$4.64B,$1.02B,21.89%,$4.64B,$1.02B,21.89%,$4.64B,$1.44B,31.08%,$4.64B,$0.87B,18.74%,$4.64B,$0.52B,11.30%,$0.52B,$8.54B,9.55%,$0.52B,$5.15B,12.15%,$0.52B,$28.62B,2.86%,$1.02B,$17.09B,9.35%,$991,$353,$638,$0,$369,$825,$166,$-21,$144,$63,$81,$81,$81,$274,$166,$228,229,$0.36,$0.35,$214,$563,$289,$2277,$18529,$1170,$3387,$456,$26338,$28615,$2940,$8548,$2940,$17136,$20076,$0,$0,$0,$8538,$28615,$277,$215,$6,$222,$135,$72,$27,$16,$260,$717,$-368,$0,$-1308,$0,$-3,$-3,$-0,$-1679,$1438,$-106,$1333,$-20,$-20,$-191,$-7,$1115,$153,$0,$-191
14,2015-03-31,43.9,$20.14,2.18,$20.62,2.13,$6.82,6.43,$2.53,17.35,$1.33B,$1.56B,0.85,$4.17B,$4.51B,0.92,$4.69B,$2.73B,58.14%,$4.69B,$1.09B,23.24%,$4.69B,$1.09B,23.24%,$4.69B,$1.51B,32.20%,$4.69B,$0.93B,19.87%,$4.69B,$0.58B,12.28%,$0.58B,$4.54B,12.93%,$0.58B,$4.10B,14.36%,$0.58B,$15.14B,3.88%,$1.09B,$8.71B,12.35%,$1388,$614,$774,$0,$313,$1029,$359,$-40,$319,$122,$196,$196,$196,$466,$359,$226,227,$0.87,$0.86,$65,$290,$222,$1326,$11316,$464,$442,$317,$13809,$15136,$1560,$4169,$1115,$9034,$10595,$0,$0,$0,$4541,$15136,$196,$107,$-3,$105,$-28,$111,$-71,$73,$78,$330,$-153,$0,$0,$0,$-1,$-1,$-2,$-156,$-9,$-55,$-64,$-15,$-15,$-95,$4,$-170,$3,$0,$-95
15,2014-12-31,46.4,$19.73,2.35,$21.96,2.11,$7.17,6.47,$2.58,17.98,$1.29B,$1.67B,0.78,$4.17B,$4.42B,0.94,$5.00B,$2.74B,54.79%,$5.00B,$1.11B,22.27%,$5.00B,$1.11B,22.27%,$5.00B,$1.53B,30.62%,$5.00B,$0.95B,19.03%,$5.00B,$0.59B,11.77%,$0.59B,$4.45B,13.34%,$0.59B,$4.01B,14.83%,$0.59B,$14.91B,3.98%,$1.11B,$8.62B,12.61%,$1225,$524,$702,$0,$362,$982,$244,$-44,$199,$77,$123,$123,$121,$348,$244,$226,228,$0.54,$0.54,$62,$401,$39,$1293,$11258,$457,$442,$185,$13612,$14905,$1669,$4171,$1134,$8786,$10455,$2,$4117,$0,$4450,$14905,$590,$417,$306,$723,$81,$-71,$24,$-59,$-26,$1199,$-761,$0,$14,$0,$-13,$-13,$4,$-757,$-74,$80,$6,$-73,$-73,$-352,$13,$-406,$36,$0,$-352
16,2014-09-30,37.52,$19.64,1.91,$21.70,1.73,$7.46,5.03,$2.68,14.0,$1.28B,$1.07B,1.2,$4.57B,$4.40B,1.04,$4.95B,$2.72B,54.95%,$4.95B,$1.14B,23.05%,$4.95B,$1.14B,23.05%,$4.95B,$1.55B,31.35%,$4.95B,$0.98B,19.88%,$4.95B,$0.61B,12.34%,$0.61B,$4.43B,14.01%,$0.61B,$3.99B,15.59%,$0.61B,$14.73B,4.15%,$1.14B,$9.00B,12.93%,$1033,$407,$626,$0,$280,$787,$246,$-40,$207,$80,$126,$126,$126,$353,$246,$226,227,$0.56,$0.56,$89,$379,$159,$1275,$11135,$456,$442,$321,$13450,$14725,$1066,$4570,$1112,$9231,$10296,$0,$0,$0,$4429,$14725,$467,$313,$247,$559,$221,$-50,$-28,$0,$134,$1035,$-513,$0,$0,$0,$-11,$-11,$-5,$-529,$-72,$-62,$-134,$-53,$-53,$-264,$7,$-443,$63,$0,$-264
17,2014-06-30,40.58,$19.50,2.08,$21.76,1.86,$7.58,5.35,$2.72,14.92,$1.29B,$0.98B,1.31,$4.59B,$4.37B,1.05,$4.97B,$2.75B,55.25%,$4.97B,$1.15B,23.20%,$4.97B,$1.15B,23.20%,$4.97B,$1.56B,31.33%,$4.97B,$1.00B,20.02%,$4.97B,$0.62B,12.54%,$0.62B,$4.40B,14.45%,$0.62B,$3.96B,16.10%,$0.62B,$14.62B,4.26%,$1.15B,$8.99B,13.21%,$1044,$418,$625,$0,$286,$803,$241,$-33,$207,$74,$133,$133,$133,$344,$241,$226,228,$0.59,$0.58,$33,$304,$175,$1286,$11024,$452,$442,$321,$13334,$14620,$981,$4588,$1130,$9242,$10222,$0,$0,$0,$4398,$14620,$341,$207,$188,$395,$132,$25,$-53,$-10,$84,$721,$-306,$0,$0,$0,$-8,$-8,$1,$-313,$-61,$-127,$-188,$-40,$-40,$-176,$3,$-401,$7,$0,$-176
18,2014-03-31,39.91,$19.30,2.07,$21.57,1.85,$7.38,5.41,$2.66,15.0,$1.55B,$1.43B,1.09,$4.35B,$4.32B,1.01,$4.94B,$2.74B,55.53%,$4.94B,$1.14B,23.13%,$4.94B,$1.14B,23.13%,$4.94B,$1.54B,31.25%,$4.94B,$0.98B,19.79%,$4.94B,$0.61B,12.33%,$0.61B,$4.35B,14.27%,$0.61B,$3.91B,15.92%,$0.61B,$14.80B,4.18%,$1.14B,$8.70B,13.23%,$1695,$910,$785,$0,$306,$1313,$382,$-44,$338,$130,$208,$208,$208,$486,$382,$226,228,$0.92,$0.91,$28,$235,$289,$1545,$10942,$445,$442,$329,$13256,$14801,$1425,$4349,$1155,$9024,$10448,$0,$0,$0,$4352,$14801,$208,$104,$112,$215,$-185,$95,$95,$-5,$1,$385,$-129,$0,$0,$0,$-4,$-4,$-6,$-139,$-9,$-115,$-124,$-37,$-37,$-88,$5,$-244,$2,$0,$-88
19,2013-12-31,35.13,$18.87,1.86,$19.64,1.79,$7.11,4.94,$2.51,13.99,$1.55B,$1.50B,1.04,$4.36B,$4.23B,1.03,$4.52B,$2.69B,59.56%,$4.52B,$1.08B,23.93%,$4.52B,$1.08B,23.93%,$4.52B,$1.48B,32.67%,$4.52B,$0.92B,20.27%,$4.52B,$0.58B,12.79%,$0.58B,$4.26B,13.64%,$0.58B,$3.82B,15.23%,$0.58B,$14.77B,4.00%,$1.08B,$8.63B,12.53%,$1178,$494,$684,$0,$362,$907,$272,$-40,$232,$87,$146,$146,$144,$370,$272,$228,230,$0.64,$0.63,$26,$329,$334,$1551,$10907,$439,$442,$323,$13218,$14769,$1496,$4363,$1175,$9010,$10506,$2,$3881,$0,$4263,$14769,$579,$396,$290,$686,$-163,$31,$-15,$1,$-109,$1232,$-723,$0,$0,$0,$-11,$-11,$-13,$-746,$-146,$143,$-3,$-175,$-175,$-329,$11,$-496,$-10,$0,$-329
20,2013-09-30,33.99,$18.67,1.82,$19.11,1.78,$6.93,4.9,$2.31,14.72,$1.24B,$1.29B,0.96,$4.37B,$4.20B,1.04,$4.41B,$2.65B,60.10%,$4.41B,$1.01B,22.90%,$4.41B,$1.01B,22.90%,$4.41B,$1.40B,31.76%,$4.41B,$0.84B,18.98%,$4.41B,$0.53B,12.08%,$0.53B,$4.23B,12.65%,$0.53B,$3.79B,14.13%,$0.53B,$14.37B,3.72%,$1.01B,$8.60B,11.71%,$1053,$401,$653,$0,$298,$795,$258,$-40,$218,$81,$138,$138,$138,$358,$258,$227,229,$0.61,$0.60,$19,$368,$161,$1238,$10805,$433,$442,$187,$13135,$14373,$1291,$4371,$1121,$8853,$10144,$0,$0,$0,$4229,$14373,$433,$298,$220,$517,$95,$-7,$-59,$41,$118,$1050,$-498,$0,$0,$0,$-8,$-8,$-39,$-545,$-113,$-33,$-146,$-145,$-145,$-242,$11,$-523,$-17,$0,$-242
21,2013-06-30,34.2,$18.56,1.84,$18.97,1.8,$6.73,5.08,$2.38,14.37,$1.27B,$1.28B,0.99,$4.38B,$4.20B,1.05,$4.40B,$2.65B,60.18%,$4.40B,$1.03B,23.49%,$4.40B,$1.03B,23.49%,$4.40B,$1.42B,32.25%,$4.40B,$0.87B,19.67%,$4.40B,$0.55B,12.53%,$0.55B,$4.23B,13.12%,$0.55B,$3.78B,14.66%,$0.55B,$14.32B,3.88%,$1.03B,$8.61B,12.04%,$1012,$391,$621,$0,$295,$783,$230,$-40,$189,$70,$119,$119,$119,$329,$230,$228,231,$0.52,$0.52,$21,$318,$174,$1271,$10705,$429,$442,$185,$13046,$14317,$1281,$4383,$1143,$8811,$10091,$0,$0,$0,$4226,$14317,$296,$198,$143,$341,$49,$43,$-87,$11,$33,$682,$-307,$0,$0,$0,$-5,$-5,$-24,$-337,$-61,$-59,$-119,$-95,$-95,$-156,$10,$-360,$-15,$0,$-156
22,2013-03-31,35.5,$18.51,1.92,$18.63,1.91,$6.37,5.57,$2.37,14.98,$1.31B,$1.28B,1.03,$4.44B,$4.20B,1.06,$4.33B,$2.64B,60.88%,$4.33B,$1.03B,23.70%,$4.33B,$1.03B,23.70%,$4.33B,$1.41B,32.45%,$4.33B,$0.86B,19.91%,$4.33B,$0.55B,12.73%,$0.55B,$4.23B,13.21%,$0.55B,$3.79B,14.77%,$0.55B,$14.30B,3.91%,$1.03B,$8.68B,12.03%,$1275,$541,$734,$0,$318,$954,$321,$-44,$277,$100,$177,$177,$177,$419,$321,$229,231,$0.77,$0.76,$25,$267,$246,$1314,$10616,$420,$442,$180,$12982,$14295,$1278,$4441,$1130,$8783,$10061,$0,$0,$0,$4234,$14295,$177,$98,$102,$200,$-84,$94,$-105,$64,$-44,$330,$-134,$0,$0,$0,$-1,$-1,$-10,$-145,$-9,$-78,$-86,$-39,$-39,$-78,$8,$-196,$-11,$0,$-78
23,2012-12-31,30.25,$18.19,1.66,$18.22,1.66,$6.37,4.75,$2.35,12.87,$1.27B,$1.44B,0.88,$4.45B,$4.14B,1.08,$4.25B,$2.60B,61.28%,$4.25B,$1.00B,23.58%,$4.25B,$1.00B,23.58%,$4.25B,$1.37B,32.31%,$4.25B,$0.85B,20.09%,$4.25B,$0.55B,12.86%,$0.55B,$4.17B,13.21%,$0.55B,$3.72B,14.79%,$0.55B,$14.29B,3.91%,$1.00B,$8.62B,11.73%,$1071,$428,$644,$0,$348,$870,$201,$-49,$153,$54,$99,$99,$99,$295,$201,$230,233,$0.42,$0.43,$36,$361,$340,$1273,$10572,$414,$442,$204,$13012,$14285,$1441,$4454,$1154,$8678,$10120,$2,$3633,$0,$4166,$14285,$546,$372,$193,$565,$38,$21,$44,$6,$227,$1174,$-698,$0,$0,$0,$27,$27,$-58,$-730,$232,$-275,$-44,$-103,$-103,$-276,$1,$-423,$22,$0,$-276
24,2012-09-30,30.67,$18.16,1.69,$18.35,1.67,$5.19,5.91,$2.42,12.67,$1.09B,$1.39B,0.78,$4.24B,$4.15B,1.02,$4.29B,$2.61B,60.89%,$4.29B,$0.99B,23.16%,$4.29B,$0.99B,23.16%,$4.29B,$1.36B,31.67%,$4.29B,$0.87B,20.31%,$4.29B,$0.56B,13.13%,$0.56B,$4.18B,13.76%,$0.56B,$3.74B,15.43%,$0.56B,$13.84B,4.06%,$0.99B,$8.42B,11.64%,$1039,$392,$647,$0,$275,$759,$281,$-35,$246,$90,$156,$156,$156,$375,$281,$230,233,$0.68,$0.67,$23,$342,$179,$1085,$10439,$409,$442,$180,$12750,$13835,$1387,$4241,$1172,$8270,$9657,$0,$0,$0,$4178,$13835,$448,$278,$150,$428,$119,$40,$-57,$35,$245,$992,$-478,$0,$0,$0,$23,$23,$-37,$-491,$-18,$-217,$-235,$-60,$-60,$-207,$0,$-502,$-1,$0,$-207
25,2012-06-30,31.97,$17.84,1.79,$18.37,1.74,$4.06,7.87,$2.30,13.9,$1.24B,$1.43B,0.87,$4.30B,$4.08B,1.05,$4.30B,$2.60B,60.37%,$4.30B,$0.94B,21.76%,$4.30B,$0.94B,21.76%,$4.30B,$1.29B,29.92%,$4.30B,$0.82B,19.15%,$4.30B,$0.54B,12.48%,$0.54B,$4.11B,13.29%,$0.54B,$3.67B,14.93%,$0.54B,$13.89B,3.92%,$0.94B,$8.41B,10.92%,$945,$334,$611,$0,$298,$722,$223,$-37,$186,$67,$119,$119,$119,$316,$223,$230,233,$0.52,$0.51,$31,$335,$202,$1237,$10341,$400,$442,$181,$12651,$13888,$1428,$4298,$1209,$8348,$9776,$0,$0,$0,$4112,$13888,$291,$184,$141,$325,$96,$47,$-60,$-11,$78,$609,$-314,$0,$0,$0,$21,$21,$-20,$-313,$-10,$-110,$-120,$-38,$-38,$-138,$0,$-297,$-1,$0,$-138
26,2012-03-31,28.19,$17.71,1.59,$18.51,1.52,$4.23,6.66,$2.25,12.53,$1.28B,$1.17B,1.09,$4.60B,$4.05B,1.14,$4.35B,$2.57B,59.09%,$4.35B,$0.89B,20.40%,$4.35B,$0.89B,20.40%,$4.35B,$1.23B,28.28%,$4.35B,$0.79B,18.05%,$4.35B,$0.53B,12.14%,$0.53B,$4.08B,13.18%,$0.53B,$3.64B,14.81%,$0.53B,$13.82B,3.91%,$0.89B,$8.69B,10.38%,$1191,$491,$700,$0,$317,$896,$296,$-27,$268,$96,$172,$172,$172,$386,$296,$231,233,$0.75,$0.74,$43,$312,$190,$1280,$10235,$393,$442,$185,$12542,$13821,$1172,$4603,$1212,$8568,$9739,$0,$0,$0,$4082,$13821,$172,$91,$68,$159,$12,$70,$-82,$45,$60,$341,$-142,$0,$0,$0,$18,$18,$-6,$-130,$-8,$-113,$-121,$-16,$-16,$-69,$-0,$-206,$4,$0,$-69
27,2011-12-31,27.77,$17.33,1.6,$19.02,1.46,$4.63,6.0,$2.23,12.45,$1.43B,$1.37B,1.05,$4.61B,$3.96B,1.16,$4.49B,$2.59B,57.70%,$4.49B,$0.89B,19.77%,$4.49B,$0.89B,19.77%,$4.49B,$1.22B,27.28%,$4.49B,$0.78B,17.32%,$4.49B,$0.53B,11.75%,$0.53B,$3.99B,13.28%,$0.53B,$3.55B,14.94%,$0.53B,$13.86B,3.95%,$0.89B,$8.61B,10.50%,$1113,$461,$653,$0,$376,$920,$193,$-23,$171,$56,$114,$114,$116,$281,$193,$233,235,$0.50,$0.51,$60,$382,$340,$1426,$10160,$393,$442,$202,$12436,$13862,$1365,$4614,$1216,$8504,$9868,$2,$3363,$0,$3994,$13862,$526,$336,$153,$490,$30,$-3,$12,$50,$1,$993,$-789,$0,$0,$0,$-44,$-44,$-59,$-893,$253,$12,$265,$-140,$-140,$-242,$5,$-111,$-10,$0,$-242
28,2011-09-30,24.66,$17.17,1.44,$18.89,1.31,$4.10,6.01,$2.26,10.91,$1.13B,$1.09B,1.04,$4.62B,$3.94B,1.17,$4.46B,$2.57B,57.46%,$4.46B,$0.91B,20.39%,$4.46B,$0.91B,20.39%,$4.46B,$1.19B,26.70%,$4.46B,$0.80B,17.92%,$4.46B,$0.54B,12.03%,$0.54B,$3.97B,13.67%,$0.54B,$3.53B,15.40%,$0.54B,$13.25B,4.09%,$0.91B,$8.59B,11.05%,$1053,$420,$633,$0,$326,$829,$224,$-25,$199,$70,$130,$130,$130,$304,$224,$232,235,$0.56,$0.55,$61,$368,$162,$1132,$9999,$383,$442,$210,$12117,$13250,$1089,$4619,$1254,$8189,$9278,$0,$0,$0,$3971,$13250,$410,$249,$-42,$207,$136,$11,$-42,$8,$183,$828,$-574,$0,$0,$0,$-44,$-44,$-33,$-650,$255,$-161,$94,$-101,$-101,$-182,$2,$-187,$-9,$0,$-182
29,2011-06-30,24.48,$17.02,1.44,$18.52,1.32,$3.75,6.54,$2.19,11.2,$1.17B,$1.14B,1.03,$4.34B,$3.95B,1.1,$4.38B,$2.50B,57.07%,$4.38B,$0.89B,20.28%,$4.38B,$0.89B,20.28%,$4.38B,$1.12B,25.46%,$4.38B,$0.78B,17.70%,$4.38B,$0.52B,11.84%,$0.52B,$3.98B,13.39%,$0.52B,$3.54B,15.11%,$0.52B,$13.08B,3.99%,$0.89B,$8.31B,11.10%,$992,$408,$584,$0,$327,$817,$174,$-28,$147,$49,$98,$98,$110,$259,$174,$234,237,$0.47,$0.46,$56,$339,$225,$1172,$9821,$377,$442,$210,$11904,$13076,$1144,$4335,$1265,$7955,$9098,$0,$0,$0,$3978,$13076,$280,$169,$15,$184,$91,$40,$-39,$22,$173,$649,$-309,$0,$0,$0,$-42,$-42,$-17,$-368,$-37,$-116,$-152,$-22,$-22,$-122,$1,$-295,$-14,$0,$-122
30,2011-03-31,23.62,$16.83,1.4,$18.09,1.31,$2.77,8.54,$2.10,11.25,$1.46B,$1.34B,1.09,$4.34B,$3.91B,1.11,$4.28B,$2.46B,57.32%,$4.28B,$0.88B,20.50%,$4.28B,$0.88B,20.50%,$4.28B,$1.06B,24.73%,$4.28B,$0.76B,17.84%,$4.28B,$0.50B,11.63%,$0.50B,$3.94B,13.08%,$0.50B,$3.49B,14.79%,$0.50B,$13.19B,3.86%,$0.88B,$8.27B,11.19%,$1329,$610,$719,$0,$342,$1033,$296,$-35,$260,$89,$171,$171,$171,$380,$296,$234,237,$0.73,$0.72,$282,$284,$279,$1460,$9639,$375,$442,$215,$11729,$13189,$1340,$4339,$1284,$7913,$9254,$0,$0,$0,$3935,$13189,$171,$84,$-51,$34,$-41,$95,$-48,$95,$140,$391,$-97,$0,$0,$0,$-40,$-40,$-7,$-144,$415,$-376,$39,$-12,$-12,$-61,$-1,$-35,$212,$0,$-61
31,2010-12-31,22.59,$16.39,1.38,$17.75,1.27,$1.99,11.38,$1.93,11.71,$1.33B,$1.72B,0.77,$3.93B,$3.80B,1.03,$4.20B,$2.35B,55.94%,$4.20B,$0.81B,19.27%,$4.20B,$0.81B,19.27%,$4.20B,$0.93B,22.13%,$4.20B,$0.70B,16.75%,$4.20B,$0.46B,10.87%,$0.46B,$3.83B,12.21%,$0.46B,$3.39B,13.85%,$0.46B,$13.06B,3.57%,$0.81B,$7.77B,10.39%,$1090,$461,$629,$0,$383,$874,$216,$-22,$194,$68,$126,$126,$126,$249,$216,$234,237,$0.54,$0.54,$33,$379,$365,$1331,$9602,$376,$442,$219,$11729,$13060,$1721,$3932,$1261,$7506,$9227,$2,$3078,$-0,$3833,$13060,$457,$119,$206,$325,$-50,$-1,$21,$62,$-11,$810,$-730,$0,$0,$0,$181,$181,$-85,$-634,$238,$-167,$71,$-66,$-66,$-187,$9,$-173,$4,$0,$-187
32,2010-09-30,22.04,$16.07,1.37,$17.61,1.25,$0.93,23.74,$1.90,11.6,$1.19B,$1.61B,0.74,$3.94B,$3.73B,1.06,$4.17B,$2.28B,54.79%,$4.17B,$0.79B,18.93%,$4.17B,$0.79B,18.93%,$4.17B,$0.90B,21.62%,$4.17B,$0.69B,16.49%,$4.17B,$0.45B,10.80%,$0.45B,$3.76B,12.22%,$0.45B,$3.32B,13.88%,$0.45B,$12.72B,3.54%,$0.79B,$7.69B,10.22%,$973,$403,$570,$0,$345,$770,$203,$-28,$175,$63,$112,$112,$112,$228,$203,$234,237,$0.48,$0.47,$74,$422,$212,$1189,$9400,$365,$442,$184,$11530,$12719,$1609,$3936,$1241,$7351,$8960,$0,$0,$0,$3758,$12719,$331,$86,$69,$154,$111,$-44,$-40,$108,$138,$654,$-482,$0,$0,$0,$128,$128,$-56,$-410,$240,$-307,$-66,$-53,$-53,$-140,$7,$-253,$-9,$0,$-140
33,2010-06-30,19.21,$15.86,1.21,$16.96,1.13,$-0.24,0.0,$1.68,11.47,$1.27B,$1.65B,0.77,$3.94B,$3.68B,1.07,$4.01B,$2.17B,54.19%,$4.01B,$0.69B,17.21%,$4.01B,$0.69B,17.21%,$4.01B,$0.81B,20.20%,$4.01B,$0.60B,15.04%,$4.01B,$0.40B,9.90%,$0.40B,$3.71B,10.96%,$0.40B,$3.27B,12.48%,$0.40B,$12.69B,3.14%,$0.69B,$7.65B,9.10%,$891,$354,$537,$0,$344,$728,$163,$-28,$135,$48,$88,$88,$89,$202,$163,$234,237,$0.38,$0.37,$123,$390,$232,$1273,$9290,$363,$442,$183,$11421,$12694,$1653,$3943,$1244,$7333,$8986,$0,$0,$0,$3708,$12694,$218,$61,$57,$118,$73,$-12,$-30,$48,$65,$424,$-316,$0,$0,$0,$78,$78,$-38,$-275,$267,$-305,$-38,$-26,$-26,$-94,$-1,$-158,$-10,$0,$-94
34,2010-03-31,18.56,$15.71,1.18,$16.74,1.11,$-1.19,0.0,$1.57,11.82,$1.32B,$1.26B,1.05,$4.40B,$3.64B,1.21,$3.96B,$2.12B,53.53%,$3.96B,$0.65B,16.31%,$3.96B,$0.65B,16.31%,$3.96B,$0.76B,19.27%,$3.96B,$0.57B,14.36%,$3.96B,$0.37B,9.41%,$0.37B,$3.67B,10.42%,$0.37B,$3.23B,11.89%,$0.37B,$12.72B,2.97%,$0.65B,$8.07B,8.60%,$1249,$633,$615,$0,$362,$1020,$228,$-28,$200,$71,$129,$129,$130,$251,$228,$234,237,$0.55,$0.55,$164,$337,$247,$1320,$9237,$359,$442,$185,$11402,$12722,$1255,$4396,$1270,$7794,$9049,$0,$0,$0,$3672,$12722,$130,$23,$35,$57,$-34,$42,$-36,$72,$92,$304,$-194,$0,$0,$0,$40,$40,$-16,$-171,$268,$-347,$-79,$-12,$-12,$-47,$-3,$-141,$-8,$0,$-47
35,2009-12-31,18.56,$15.39,1.21,$17.38,1.07,$-2.29,0.0,$1.62,11.46,$1.53B,$1.89B,0.81,$3.88B,$3.57B,1.09,$4.10B,$2.13B,51.90%,$4.10B,$0.66B,16.09%,$4.10B,$0.66B,16.09%,$4.10B,$0.78B,18.94%,$4.10B,$0.59B,14.41%,$4.10B,$0.38B,9.36%,$0.38B,$3.60B,10.91%,$0.38B,$3.16B,12.47%,$0.38B,$12.70B,3.08%,$0.66B,$7.47B,8.95%,$1054,$493,$561,$0,$335,$859,$195,$-18,$177,$64,$113,$113,$119,$220,$195,$234,236,$0.52,$0.50,$215,$378,$348,$1529,$9016,$359,$442,$172,$11169,$12698,$1894,$3876,$1217,$7207,$9101,$1,$2809,$-1,$3597,$12698,$382,$116,$100,$216,$111,$-35,$-119,$59,$60,$629,$-798,$0,$0,$0,$166,$166,$-104,$-736,$40,$223,$263,$-13,$-13,$-158,$3,$96,$-12,$0,$-158
36,2009-09-30,16.7,$15.04,1.11,$17.89,0.93,$-3.20,0.0,$1.55,10.81,$1.33B,$2.01B,0.66,$3.63B,$3.49B,1.04,$4.22B,$2.11B,49.86%,$4.22B,$0.66B,15.54%,$4.22B,$0.66B,15.54%,$4.22B,$0.74B,17.60%,$4.22B,$0.57B,13.50%,$4.22B,$0.37B,8.65%,$0.37B,$3.52B,10.54%,$0.37B,$3.08B,12.08%,$0.37B,$12.42B,2.93%,$0.66B,$7.15B,8.91%,$816,$355,$460,$0,$327,$711,$104,$-13,$91,$33,$58,$58,$59,$137,$104,$234,236,$0.25,$0.25,$191,$389,$217,$1329,$8904,$398,$442,$163,$11092,$12421,$2010,$3631,$1308,$6894,$8903,$0,$0,$0,$3517,$12421,$264,$91,$-28,$63,$237,$-44,$-189,$108,$135,$434,$-537,$0,$0,$0,$131,$131,$-70,$-476,$-191,$336,$145,$-9,$-9,$-118,$2,$20,$-22,$0,$-118
37,2009-06-30,14.94,$14.96,1.0,$18.03,0.83,$-3.74,0.0,$1.62,9.22,$1.30B,$1.82B,0.71,$3.82B,$3.47B,1.1,$4.26B,$2.06B,48.31%,$4.26B,$0.69B,16.20%,$4.26B,$0.69B,16.20%,$4.26B,$0.67B,15.81%,$4.26B,$0.60B,14.09%,$4.26B,$0.38B,9.02%,$0.38B,$3.50B,11.27%,$0.38B,$3.06B,12.95%,$0.38B,$12.30B,3.13%,$0.69B,$7.32B,9.56%,$836,$355,$481,$0,$332,$717,$118,$-18,$100,$37,$63,$63,$64,$154,$118,$234,236,$0.27,$0.27,$186,$315,$255,$1300,$8752,$442,$442,$158,$10998,$12298,$1821,$3820,$1363,$6980,$8801,$0,$0,$0,$3498,$12298,$205,$59,$-183,$-125,$168,$30,$-157,$29,$170,$231,$-349,$0,$0,$0,$92,$92,$-48,$-305,$-42,$178,$136,$-4,$-4,$-79,$1,$54,$-20,$0,$-79
38,2009-03-31,14.98,$14.84,1.01,$18.48,0.81,$-3.49,0.0,$1.60,9.39,$1.53B,$1.71B,0.9,$4.08B,$3.44B,1.19,$4.37B,$2.04B,46.67%,$4.37B,$0.68B,15.57%,$4.37B,$0.68B,15.57%,$4.37B,$0.62B,14.24%,$4.37B,$0.59B,13.58%,$4.37B,$0.38B,8.66%,$0.38B,$3.47B,11.30%,$0.38B,$3.03B,13.02%,$0.38B,$12.41B,3.11%,$0.68B,$7.55B,9.74%,$1396,$769,$627,$0,$363,$1153,$243,$-20,$223,$81,$142,$142,$142,$266,$243,$234,236,$0.61,$0.60,$201,$251,$322,$1533,$8600,$470,$442,$155,$10878,$12411,$1706,$4083,$1413,$7235,$8941,$0,$0,$0,$3470,$12411,$142,$23,$-246,$-223,$-73,$93,$-120,$79,$61,$20,$-171,$0,$0,$0,$52,$52,$-23,$-143,$-40,$189,$149,$-3,$-3,$-40,$1,$107,$-15,$0,$-40
39,2008-12-31,15.15,$14.40,1.05,$18.61,0.81,$-2.83,0.0,$1.52,10.0,$1.71B,$1.74B,0.98,$4.08B,$3.34B,1.22,$4.40B,$1.94B,44.16%,$4.40B,$0.66B,14.88%,$4.40B,$0.66B,14.88%,$4.40B,$0.50B,11.29%,$4.40B,$0.57B,12.95%,$4.40B,$0.36B,8.16%,$0.36B,$3.37B,10.93%,$0.36B,$2.93B,12.64%,$0.36B,$12.62B,3.00%,$0.66B,$7.44B,9.86%,$1174,$637,$537,$0,$349,$983,$191,$-35,$156,$59,$97,$97,$100,$186,$191,$234,236,$0.43,$0.43,$247,$345,$424,$1708,$8503,$490,$442,$214,$10910,$12618,$1735,$4075,$1405,$7515,$9251,$1,$2584,$-1,$3367,$12618,$359,$-159,$439,$280,$8,$17,$51,$37,$23,$736,$-1120,$0,$0,$0,$320,$320,$-107,$-906,$615,$-298,$317,$-11,$-11,$-126,$-4,$175,$5,$0,$-126
40,2008-09-30,16.1,$14.09,1.14,$18.48,0.87,$-0.01,0.0,$1.49,10.81,$1.39B,$2.26B,0.61,$3.27B,$3.27B,1.0,$4.37B,$1.93B,44.15%,$4.37B,$0.65B,14.84%,$4.37B,$0.65B,14.81%,$4.37B,$0.58B,13.15%,$4.37B,$0.57B,13.03%,$4.37B,$0.35B,8.07%,$0.35B,$3.30B,10.95%,$0.35B,$2.85B,12.69%,$0.35B,$11.80B,3.01%,$0.65B,$6.57B,10.20%,$852,$440,$412,$0,$347,$713,$138,$-17,$121,$45,$77,$77,$78,$67,$138,$234,236,$0.33,$0.33,$259,$360,$237,$1386,$8334,$518,$442,$204,$10418,$11804,$2260,$3271,$1523,$6248,$8508,$0,$0,$0,$3296,$11804,$259,$-154,$248,$94,$208,$2,$-71,$97,$229,$643,$-875,$0,$0,$0,$263,$263,$-70,$-682,$127,$14,$140,$-10,$-10,$-95,$-1,$35,$-4,$0,$-95
41,2008-06-30,16.12,$13.89,1.16,$18.61,0.87,$4.14,3.89,$1.52,10.64,$1.52B,$2.35B,0.65,$3.13B,$3.22B,0.97,$4.40B,$2.07B,46.96%,$4.40B,$0.66B,15.08%,$4.40B,$0.66B,15.05%,$4.40B,$0.75B,17.01%,$4.40B,$0.59B,13.28%,$4.40B,$0.36B,8.13%,$0.36B,$3.25B,11.31%,$0.36B,$2.81B,13.14%,$0.36B,$11.73B,3.05%,$0.66B,$6.38B,10.44%,$945,$484,$462,$0,$361,$838,$108,$-15,$93,$34,$58,$58,$58,$103,$108,$234,237,$0.25,$0.25,$347,$279,$254,$1523,$8132,$546,$442,$194,$10202,$11725,$2350,$3127,$1620,$6127,$8477,$0,$0,$0,$3248,$11725,$181,$-82,$172,$91,$107,$82,$-47,$95,$221,$574,$-633,$0,$0,$0,$145,$145,$-47,$-534,$-18,$49,$30,$-7,$-7,$-63,$-0,$-40,$-1,$0,$-63
42,2008-03-31,15.59,$13.78,1.13,$18.44,0.85,$3.96,3.94,$1.52,10.29,$1.66B,$2.63B,0.63,$2.97B,$3.19B,0.93,$4.37B,$2.12B,48.60%,$4.37B,$0.66B,15.14%,$4.37B,$0.66B,15.12%,$4.37B,$0.83B,19.10%,$4.37B,$0.59B,13.40%,$4.37B,$0.36B,8.20%,$0.36B,$3.22B,11.52%,$0.36B,$2.78B,13.44%,$0.36B,$11.68B,3.07%,$0.66B,$6.20B,10.32%,$1431,$898,$533,$0,$397,$1214,$218,$-17,$200,$77,$123,$123,$123,$141,$218,$234,237,$0.53,$0.52,$367,$235,$342,$1657,$7912,$579,$442,$182,$10021,$11678,$2633,$2974,$1644,$5823,$8456,$0,$0,$0,$3222,$11678,$123,$-77,$-11,$-87,$-107,$126,$6,$107,$218,$344,$-339,$0,$0,$0,$88,$88,$-20,$-271,$-148,$106,$-42,$-3,$-3,$-32,$1,$-76,$-3,$0,$-32
43,2007-12-31,17.17,$13.38,1.28,$17.87,0.96,$4.27,4.02,$1.42,12.09,$1.85B,$2.50B,0.74,$3.17B,$3.10B,1.02,$4.24B,$2.19B,51.63%,$4.24B,$0.63B,14.83%,$4.24B,$0.63B,14.80%,$4.24B,$0.96B,22.76%,$4.24B,$0.55B,13.01%,$4.24B,$0.34B,7.93%,$0.34B,$3.13B,11.03%,$0.34B,$2.69B,12.90%,$0.34B,$11.72B,2.91%,$0.63B,$6.30B,9.87%,$1146,$622,$524,$0,$269,$962,$185,$-28,$156,$62,$94,$94,$94,$264,$185,$234,237,$0.41,$0.40,$436,$361,$477,$1850,$7681,$605,$442,$181,$9871,$11720,$2503,$3173,$1658,$6088,$8591,$1,$2351,$-1,$3130,$11720,$336,$338,$144,$482,$-37,$31,$10,$-47,$-149,$532,$-247,$0,$0,$0,$-179,$-179,$-117,$-543,$160,$-11,$148,$-32,$-32,$-117,$1,$1,$-10,$0,$-117
44,2007-09-30,15.78,$13.10,1.2,$17.66,0.89,$2.66,5.93,$1.35,11.74,$1.48B,$2.06B,0.72,$3.49B,$3.04B,1.15,$4.19B,$2.22B,52.97%,$4.19B,$0.58B,13.91%,$4.19B,$0.58B,13.91%,$4.19B,$0.90B,21.58%,$4.19B,$0.51B,12.14%,$4.19B,$0.32B,7.62%,$0.32B,$3.07B,10.65%,$0.32B,$2.62B,12.50%,$0.32B,$11.76B,2.80%,$0.58B,$6.56B,9.26%,$882,$332,$549,$0,$311,$728,$153,$-17,$136,$53,$83,$83,$83,$241,$153,$234,236,$0.36,$0.35,$500,$410,$147,$1479,$7282,$1241,$442,$165,$10284,$11762,$2060,$3493,$2600,$6638,$8697,$0,$0,$0,$3065,$11762,$241,$258,$87,$345,$169,$-18,$-31,$-2,$135,$633,$115,$0,$0,$0,$1112,$1112,$-1614,$-386,$411,$-81,$330,$-25,$-25,$-88,$-1,$217,$463,$0,$-88
45,2007-06-30,15.41,$12.86,1.2,$17.48,0.88,$-0.03,0.0,$1.30,11.9,$1.06B,$1.52B,0.7,$3.54B,$2.98B,1.19,$4.14B,$2.19B,52.93%,$4.14B,$0.56B,13.52%,$4.14B,$0.56B,13.52%,$4.14B,$0.89B,21.36%,$4.14B,$0.49B,11.75%,$4.14B,$0.31B,7.41%,$0.31B,$3.01B,10.43%,$0.31B,$2.57B,12.27%,$0.31B,$11.46B,2.76%,$0.56B,$6.55B,9.14%,$907,$391,$516,$0,$329,$801,$105,$-12,$93,$36,$58,$58,$58,$188,$105,$234,237,$0.25,$0.25,$37,$334,$161,$1062,$7487,$278,$442,$159,$10401,$11462,$1523,$3544,$2574,$6930,$8453,$0,$0,$0,$3009,$11462,$158,$170,$43,$213,$112,$84,$-75,$-8,$84,$456,$-557,$0,$0,$0,$0,$0,$-40,$-597,$493,$-268,$225,$-25,$-25,$-59,$-1,$141,$-0,$0,$-59
46,2007-03-31,16.82,$12.75,1.32,$17.09,0.98,$1.25,13.47,$1.32,12.79,$1.12B,$1.88B,0.6,$3.07B,$2.95B,1.04,$4.05B,$2.18B,53.75%,$4.05B,$0.56B,13.88%,$4.05B,$0.56B,13.88%,$4.05B,$0.89B,22.05%,$4.05B,$0.49B,12.00%,$4.05B,$0.31B,7.70%,$0.31B,$2.98B,10.76%,$0.31B,$2.54B,12.70%,$0.31B,$11.23B,2.88%,$0.56B,$6.05B,9.45%,$1301,$703,$598,$0,$329,$1117,$185,$-19,$166,$65,$101,$101,$101,$271,$185,$234,237,$0.43,$0.43,$24,$265,$197,$1119,$7278,$279,$442,$141,$10115,$11234,$1877,$3066,$2742,$6374,$8251,$0,$0,$0,$2983,$11234,$101,$87,$9,$96,$-74,$152,$-66,$96,$166,$363,$-285,$0,$0,$0,$0,$0,$-19,$-304,$-22,$-8,$-30,$-17,$-17,$-29,$5,$-72,$-13,$0,$-29
47,2006-12-31,16.37,$12.48,1.31,$16.87,0.97,$1.45,11.29,$1.34,12.26,$1.25B,$1.89B,0.66,$3.07B,$2.89B,1.06,$4.00B,$2.18B,54.45%,$4.00B,$0.57B,14.24%,$4.00B,$0.57B,14.24%,$4.00B,$0.91B,22.67%,$4.00B,$0.49B,12.19%,$4.00B,$0.32B,7.93%,$0.32B,$2.92B,11.12%,$0.32B,$2.48B,13.16%,$0.32B,$11.13B,2.98%,$0.57B,$5.99B,9.66%,$1095,$541,$554,$0,$332,$957,$139,$-25,$113,$36,$78,$78,$77,$203,$139,$234,237,$0.33,$0.33,$37,$417,$275,$1245,$7053,$283,$442,$152,$9885,$11130,$1893,$3073,$2070,$6318,$8211,$1,$2133,$-2,$2919,$11130,$316,$337,$-41,$296,$61,$34,$-36,$-77,$33,$730,$-826,$0,$0,$0,$-62,$-62,$-51,$-940,$-156,$456,$300,$-21,$-21,$-108,$2,$173,$-36,$0,$-108
