,Date,Stock Price,Book Value per Share,Price to Book Ratio,TTM Sales per Share,Price to Sales Ratio,TTM FCF per Share,Price to FCF Ratio,TTM Net EPS,PE Ratio,Current Assets,Current Liabilities,Current Ratio,Long Term Debt,Shareholder's Equity_x,Debt to Equity Ratio,TTM Revenue_x,TTM Gross Profit,Gross Margin,TTM Revenue_y,TTM Operating Income,Operating Margin,TTM Revenue_x,TTM EBIT,EBIT Margin,TTM Revenue_y,TTM EBITDA,EBITDA Margin,TTM Revenue_x,TTM Pre-Tax Income,Pre-Tax Margin,TTM Revenue_y,TTM Net Income_x,Net Margin,TTM Net Income_y,Shareholder's Equity_y,Return on Equity,TTM Net Income_x,Tangible Equity,Return on Tangible Equity,TTM Net Income_y,Total Assets,Return on Assets,TTM Net Income,LT Investments & Debt,Return on Investment,revenue,cost-goods-sold,gross-profit,research-development-expenses,selling-general-administrative-expenses,operating-expenses,operating-income,total-non-operating-income-expense,pre-tax-income,total-provision-income-taxes,income-after-taxes,income-from-continuous-operations,net-income,ebitda,ebit,basic-shares-outstanding,shares-outstanding,eps-basic-net-earnings-per-share,eps-earnings-per-share-diluted,cash-on-hand,inventory,other-current-assets,total-current-assets,net-property-plant-equipment,long-term-investments,goodwill-intangible-assets-total,other-long-term-assets,total-long-term-assets,total-assets,total-current-liabilities,long-term-debt,other-non-current-liabilities,total-long-term-liabilities,total-liabilities,common-stock-net,retained-earnings-accumulated-deficit,comprehensive-income,total-share-holder-equity,total-liabilities-share-holders-equity,net-income-loss,total-depreciation-amortization-cash-flow,other-non-cash-items,total-non-cash-items,change-in-accounts-receivable,change-in-inventories,change-in-accounts-payable,change-in-assets-liabilities,total-change-in-assets-liabilities,cash-flow-from-operating-activities,net-change-in-property-plant-equipment,net-change-in-intangible-assets,net-acquisitions-divestitures,net-change-in-short-term-investments,net-change-in-long-term-investments,net-change-in-investments-total,investing-activities-other,cash-flow-from-investing-activities,net-long-term-debt,net-current-debt,debt-issuance-retirement-net-total,net-common-equity-issued-repurchased,net-total-equity-issued-repurchased,total-common-preferred-stock-dividends-paid,financial-activities-other,cash-flow-from-financial-activities,net-cash-flow,stock-based-compensation,common-stock-dividends-paid
0,2018-09-30,35.35,$17.47,2.02,$32.89,1.07,$2.04,17.3,$3.51,10.07,$0.42B,$0.30B,1.41,$0.05B,$1.24B,0.04,$2.38B,$1.38B,57.97%,$2.38B,$0.19B,8.15%,$2.38B,$0.19B,8.15%,$2.38B,$0.42B,17.65%,$2.38B,$0.19B,8.15%,$2.38B,$0.26B,10.72%,$0.26B,$1.24B,20.97%,$0.26B,$1.24B,20.97%,$0.26B,$2.03B,13.36%,$0.19B,$1.29B,15.04%,$630,$262,$368,$0,$202,$566,$63,$-0,$63,$16,$48,$48,$48,$122,$63,$71,72,$0.67,$0.66,$10,$12,$39,$420,$1469,$0,$0,$145,$1613,$2033,$298,$50,$220,$492,$790,$1,$1366,$-14,$1244,$2033,$114,$170,$31,$201,$-21,$0,$12,$-3,$-12,$303,$-289,$0,$0,$0,$0,$0,$13,$-277,$50,$0,$50,$-46,$-46,$-17,$-19,$-31,$-5,$6,$-17
1,2018-06-30,37.55,$17.01,2.21,$31.40,1.2,$3.27,11.5,$3.16,11.88,$0.41B,$0.23B,1.81,$0.10B,$1.22B,0.08,$2.28B,$1.32B,57.99%,$2.28B,$0.17B,7.33%,$2.28B,$0.17B,7.33%,$2.28B,$0.39B,16.99%,$2.28B,$0.17B,7.33%,$2.28B,$0.23B,10.10%,$0.23B,$1.22B,19.70%,$0.23B,$1.22B,19.70%,$0.23B,$1.97B,12.49%,$0.17B,$1.32B,13.38%,$619,$263,$356,$0,$196,$568,$51,$0,$51,$13,$38,$38,$38,$107,$51,$72,72,$0.53,$0.53,$10,$12,$32,$414,$1415,$0,$0,$143,$1557,$1971,$228,$95,$214,$521,$750,$1,$1324,$-16,$1222,$1971,$66,$112,$20,$132,$-29,$0,$11,$3,$-15,$182,$-175,$0,$0,$0,$0,$0,$8,$-166,$20,$0,$20,$-23,$-23,$-10,$-9,$-21,$-5,$3,$-10
2,2018-03-31,36.34,$16.74,2.17,$30.01,1.21,$4.71,7.71,$2.95,12.32,$0.41B,$0.21B,1.94,$0.08B,$1.21B,0.06,$2.18B,$1.28B,58.51%,$2.18B,$0.15B,7.02%,$2.18B,$0.15B,7.02%,$2.18B,$0.37B,17.03%,$2.18B,$0.15B,7.02%,$2.18B,$0.22B,9.87%,$0.22B,$1.21B,19.19%,$0.22B,$1.21B,19.19%,$0.22B,$1.82B,12.07%,$0.15B,$1.29B,12.80%,$563,$241,$322,$0,$183,$528,$35,$0,$35,$8,$28,$28,$28,$91,$35,$72,73,$0.38,$0.38,$39,$11,$31,$411,$1350,$0,$0,$61,$1411,$1822,$212,$75,$121,$397,$609,$1,$1293,$-13,$1213,$1822,$28,$56,$3,$58,$2,$0,$4,$8,$14,$100,$-56,$0,$0,$0,$0,$0,$6,$-50,$0,$0,$0,$0,$0,$-5,$-22,$-27,$24,$1,$-5
3,2017-12-31,38.48,$16.36,2.35,$29.19,1.32,$5.09,7.56,$2.79,13.79,$0.40B,$0.23B,1.72,$0.08B,$1.19B,0.06,$2.12B,$1.24B,58.76%,$2.12B,$0.14B,6.80%,$2.12B,$0.14B,6.80%,$2.12B,$0.36B,17.05%,$2.12B,$0.14B,6.80%,$2.12B,$0.20B,9.59%,$0.20B,$1.19B,18.98%,$0.20B,$1.19B,18.98%,$0.20B,$1.81B,11.52%,$0.14B,$1.26B,12.50%,$567,$235,$333,$0,$181,$522,$45,$0,$45,$-96,$141,$141,$141,$100,$45,$72,73,$1.96,$1.95,$14,$12,$28,$400,$1347,$0,$0,$61,$1408,$1808,$232,$75,$121,$391,$623,$1,$1268,$-16,$1185,$1808,$203,$218,$-121,$97,$-43,$0,$6,$19,$-18,$282,$-199,$0,$0,$0,$0,$0,$15,$-184,$-60,$-45,$-105,$2,$2,$-19,$20,$-101,$-3,$5,$-19
4,2017-09-30,36.33,$14.53,2.5,$28.53,1.27,$2.32,15.63,$1.15,31.59,$0.38B,$0.21B,1.78,$0.08B,$1.05B,0.07,$2.07B,$1.21B,58.63%,$2.07B,$0.13B,6.48%,$2.07B,$0.13B,6.48%,$2.07B,$0.35B,17.06%,$2.07B,$0.13B,6.48%,$2.07B,$0.08B,4.06%,$0.08B,$1.05B,8.22%,$0.08B,$1.05B,8.22%,$0.08B,$1.76B,4.78%,$0.13B,$1.13B,11.90%,$529,$218,$310,$0,$170,$493,$36,$0,$36,$14,$23,$23,$23,$89,$36,$72,73,$0.31,$0.31,$11,$12,$39,$381,$1320,$0,$0,$62,$1381,$1763,$214,$75,$122,$498,$712,$1,$1132,$-13,$1051,$1763,$62,$163,$-12,$151,$-18,$0,$7,$22,$11,$223,$-121,$0,$0,$0,$0,$0,$11,$-110,$-60,$-45,$-105,$2,$2,$-14,$3,$-113,$0,$3,$-14
5,2017-06-30,29.11,$14.28,2.04,$28.28,1.03,$-0.36,0.0,$1.10,26.47,$0.35B,$0.20B,1.75,$0.08B,$1.03B,0.07,$2.05B,$1.20B,58.37%,$2.05B,$0.13B,6.20%,$2.05B,$0.13B,6.20%,$2.05B,$0.35B,16.84%,$2.05B,$0.13B,6.20%,$2.05B,$0.08B,3.90%,$0.08B,$1.03B,7.97%,$0.08B,$1.03B,7.97%,$0.08B,$1.73B,4.57%,$0.13B,$1.11B,11.28%,$520,$210,$310,$0,$170,$483,$37,$0,$37,$14,$23,$23,$23,$91,$37,$72,72,$0.32,$0.32,$23,$12,$31,$347,$1330,$0,$0,$54,$1384,$1731,$199,$75,$126,$501,$700,$1,$1114,$-13,$1032,$1731,$39,$109,$-7,$102,$11,$0,$2,$25,$37,$178,$-66,$0,$0,$0,$0,$0,$11,$-54,$-60,$-45,$-105,$1,$1,$-9,$-0,$-113,$12,$2,$-9
6,2017-03-31,25.87,$13.99,1.85,$28.00,0.92,$-3.15,0.0,$1.03,25.11,$0.37B,$0.21B,1.79,$0.11B,$1.01B,0.1,$2.03B,$1.18B,57.99%,$2.03B,$0.12B,5.92%,$2.03B,$0.12B,5.92%,$2.03B,$0.33B,16.47%,$2.03B,$0.12B,5.92%,$2.03B,$0.08B,3.70%,$0.08B,$1.01B,7.60%,$0.08B,$1.01B,7.60%,$0.08B,$1.75B,4.29%,$0.12B,$1.12B,10.65%,$501,$210,$291,$0,$161,$475,$26,$0,$26,$10,$16,$16,$16,$81,$26,$72,72,$0.22,$0.22,$31,$12,$37,$370,$1323,$0,$0,$52,$1376,$1746,$207,$105,$127,$528,$735,$1,$1096,$-14,$1010,$1746,$16,$55,$-4,$51,$14,$0,$-2,$6,$18,$86,$-15,$0,$0,$0,$0,$0,$7,$-7,$-30,$-20,$-50,$1,$1,$-4,$-0,$-54,$25,$1,$-4
7,2016-12-31,26.61,$13.78,1.93,$27.76,0.96,$-4.28,0.0,$1.09,24.41,$0.37B,$0.22B,1.74,$0.16B,$1.00B,0.16,$2.01B,$1.17B,58.26%,$2.01B,$0.13B,6.27%,$2.01B,$0.13B,6.27%,$2.01B,$0.34B,16.72%,$2.01B,$0.13B,6.32%,$2.01B,$0.08B,3.93%,$0.08B,$1.00B,8.13%,$0.08B,$1.00B,8.13%,$0.08B,$1.79B,4.61%,$0.13B,$1.16B,11.41%,$519,$217,$302,$0,$157,$484,$35,$0,$35,$13,$22,$22,$22,$92,$35,$72,72,$0.31,$0.30,$17,$13,$30,$373,$1363,$0,$0,$57,$1420,$1793,$215,$160,$131,$583,$798,$1,$1085,$-17,$995,$1793,$79,$210,$16,$226,$-10,$0,$-5,$23,$8,$312,$-430,$0,$0,$0,$0,$0,$19,$-410,$82,$20,$102,$0,$0,$-17,$-2,$83,$-15,$2,$-17
8,2016-09-30,22.92,$13.58,1.69,$27.88,0.82,$-2.40,0.0,$1.30,17.63,$0.38B,$0.19B,1.95,$0.15B,$0.98B,0.15,$2.02B,$1.19B,58.81%,$2.02B,$0.15B,7.33%,$2.02B,$0.15B,7.33%,$2.02B,$0.35B,17.38%,$2.02B,$0.15B,7.43%,$2.02B,$0.09B,4.65%,$0.09B,$0.98B,9.82%,$0.09B,$0.98B,9.82%,$0.09B,$1.73B,5.65%,$0.15B,$1.13B,13.86%,$509,$216,$293,$0,$163,$480,$29,$0,$29,$10,$19,$19,$19,$81,$29,$72,72,$0.26,$0.26,$14,$14,$64,$378,$1283,$0,$0,$65,$1349,$1726,$194,$150,$132,$554,$748,$1,$1067,$-17,$978,$1726,$57,$153,$-7,$146,$-1,$0,$2,$-3,$-2,$201,$-294,$0,$0,$0,$0,$0,$14,$-280,$72,$0,$72,$0,$0,$-13,$2,$61,$-18,$2,$-13
9,2016-06-30,22.51,$13.37,1.68,$28.23,0.8,$-0.68,0.0,$1.48,15.21,$0.35B,$0.21B,1.65,$0.15B,$0.96B,0.15,$2.05B,$1.21B,58.97%,$2.05B,$0.17B,8.41%,$2.05B,$0.17B,8.41%,$2.05B,$0.37B,18.19%,$2.05B,$0.17B,8.51%,$2.05B,$0.11B,5.23%,$0.11B,$0.96B,11.41%,$0.11B,$0.96B,11.41%,$0.11B,$1.73B,6.59%,$0.17B,$1.11B,16.69%,$499,$209,$290,$0,$160,$469,$30,$0,$30,$12,$18,$18,$18,$80,$30,$72,72,$0.25,$0.25,$15,$15,$28,$349,$1314,$0,$0,$64,$1378,$1727,$212,$145,$138,$552,$764,$1,$1053,$-16,$963,$1727,$38,$101,$1,$102,$12,$0,$4,$15,$31,$171,$-261,$0,$0,$0,$0,$0,$8,$-252,$67,$0,$67,$0,$0,$-9,$6,$65,$-17,$0,$-9
10,2016-03-31,26.56,$13.19,2.01,$28.72,0.92,$1.03,25.86,$1.67,15.9,$0.34B,$0.19B,1.8,$0.08B,$0.95B,0.08,$2.08B,$1.22B,58.72%,$2.08B,$0.19B,9.32%,$2.08B,$0.19B,9.32%,$2.08B,$0.39B,18.84%,$2.08B,$0.20B,9.42%,$2.08B,$0.12B,5.81%,$0.12B,$0.95B,13.20%,$0.12B,$0.95B,13.20%,$0.12B,$1.61B,7.67%,$0.19B,$1.03B,19.56%,$483,$197,$286,$0,$157,$450,$32,$0,$33,$13,$20,$20,$20,$83,$32,$72,72,$0.28,$0.28,$20,$16,$28,$344,$1201,$0,$0,$65,$1266,$1610,$191,$75,$142,$469,$660,$1,$1039,$-14,$950,$1610,$20,$50,$-7,$44,$15,$0,$1,$12,$28,$91,$-102,$0,$0,$0,$0,$0,$3,$-98,$0,$0,$0,$0,$0,$-4,$-1,$-5,$-11,$-0,$-4
11,2015-12-31,22.87,$13.00,1.76,$28.88,0.79,$1.67,13.72,$1.71,13.38,$0.38B,$0.18B,2.07,$0.08B,$0.94B,0.08,$2.09B,$1.22B,58.12%,$2.09B,$0.20B,9.55%,$2.09B,$0.20B,9.55%,$2.09B,$0.39B,18.77%,$2.09B,$0.20B,9.60%,$2.09B,$0.12B,5.92%,$0.12B,$0.94B,13.89%,$0.12B,$0.94B,13.89%,$0.12B,$1.59B,7.97%,$0.20B,$1.01B,20.66%,$529,$209,$319,$0,$161,$472,$57,$0,$58,$21,$37,$37,$37,$107,$57,$72,73,$0.51,$0.51,$32,$16,$27,$380,$1154,$0,$0,$52,$1206,$1586,$184,$75,$145,$466,$650,$1,$1023,$-13,$936,$1586,$124,$193,$30,$224,$16,$0,$7,$0,$23,$370,$-351,$0,$0,$0,$0,$0,$16,$-336,$-3,$0,$-3,$-6,$-6,$-15,$-1,$-25,$9,$4,$-15
12,2015-09-30,24.43,$12.56,1.94,$29.19,0.84,$1.33,18.4,$1.65,14.8,$0.40B,$0.21B,1.91,$0.08B,$0.90B,0.08,$2.12B,$1.20B,56.75%,$2.12B,$0.20B,9.25%,$2.12B,$0.20B,9.25%,$2.12B,$0.38B,18.13%,$2.12B,$0.20B,9.25%,$2.12B,$0.12B,5.67%,$0.12B,$0.90B,13.83%,$0.12B,$0.90B,13.83%,$0.12B,$1.57B,7.85%,$0.20B,$0.98B,20.80%,$534,$223,$311,$0,$167,$482,$53,$0,$53,$21,$32,$32,$32,$102,$53,$72,72,$0.45,$0.44,$46,$16,$29,$401,$1124,$0,$0,$47,$1171,$1572,$210,$75,$151,$459,$669,$1,$991,$-13,$903,$1572,$87,$143,$-7,$136,$16,$0,$10,$34,$60,$283,$-251,$0,$0,$0,$0,$0,$12,$-239,$-3,$0,$-3,$-6,$-6,$-11,$-0,$-20,$23,$4,$-11
13,2015-06-30,25.5,$12.22,2.09,$29.45,0.87,$1.14,22.27,$1.57,16.24,$0.42B,$0.20B,2.04,$0.08B,$0.88B,0.09,$2.14B,$1.17B,54.96%,$2.14B,$0.19B,8.66%,$2.14B,$0.19B,8.66%,$2.14B,$0.37B,17.23%,$2.14B,$0.19B,8.66%,$2.14B,$0.11B,5.34%,$0.11B,$0.88B,13.53%,$0.11B,$0.88B,13.53%,$0.11B,$1.54B,7.61%,$0.19B,$0.95B,20.16%,$535,$229,$306,$0,$160,$482,$52,$-0,$52,$20,$32,$32,$32,$100,$52,$72,72,$0.44,$0.44,$47,$17,$27,$416,$1084,$0,$0,$43,$1127,$1543,$204,$75,$148,$461,$665,$1,$963,$-11,$878,$1543,$55,$94,$-2,$92,$8,$0,$16,$23,$47,$194,$-159,$0,$0,$0,$0,$0,$7,$-152,$-3,$0,$-3,$-6,$-6,$-7,$-0,$-16,$25,$4,$-7
14,2015-03-31,30.46,$11.85,2.57,$29.53,1.03,$1.06,28.87,$1.48,20.58,$0.43B,$0.20B,2.15,$0.08B,$0.86B,0.09,$2.14B,$1.14B,53.38%,$2.14B,$0.18B,8.17%,$2.14B,$0.18B,8.17%,$2.14B,$0.36B,16.57%,$2.14B,$0.18B,8.21%,$2.14B,$0.11B,5.04%,$0.11B,$0.86B,13.17%,$0.11B,$0.86B,13.17%,$0.11B,$1.52B,7.40%,$0.18B,$0.93B,19.75%,$496,$214,$281,$0,$151,$457,$38,$0,$38,$15,$23,$23,$23,$84,$38,$72,73,$0.32,$0.32,$59,$17,$25,$426,$1050,$0,$0,$43,$1093,$1519,$198,$75,$150,$466,$664,$1,$935,$-10,$855,$1519,$23,$46,$-1,$45,$20,$0,$9,$23,$53,$121,$-85,$0,$0,$0,$0,$0,$4,$-81,$0,$0,$0,$1,$1,$-4,$-0,$-3,$37,$2,$-4
15,2014-12-31,30.21,$11.58,2.61,$29.42,1.03,$1.15,26.33,$1.36,22.21,$0.43B,$0.19B,2.29,$0.08B,$0.83B,0.09,$2.14B,$1.11B,51.71%,$2.14B,$0.16B,7.48%,$2.14B,$0.16B,7.48%,$2.14B,$0.34B,15.80%,$2.14B,$0.16B,7.57%,$2.14B,$0.10B,4.63%,$0.10B,$0.83B,12.38%,$0.10B,$0.83B,12.38%,$0.10B,$1.48B,6.96%,$0.16B,$0.91B,18.66%,$553,$249,$304,$0,$156,$501,$53,$0,$53,$20,$33,$33,$33,$98,$53,$72,73,$0.45,$0.45,$23,$18,$26,$426,$1014,$0,$0,$40,$1054,$1480,$187,$75,$143,$460,$647,$1,$915,$-9,$834,$1480,$99,$177,$-16,$161,$-35,$0,$-1,$-17,$-54,$207,$-212,$0,$0,$0,$0,$0,$9,$-203,$35,$0,$35,$-24,$-24,$-14,$-1,$-4,$-1,$6,$-14
16,2014-09-30,24.35,$11.21,2.17,$28.87,0.84,$2.32,10.48,$1.21,20.12,$0.41B,$0.21B,2.0,$0.08B,$0.80B,0.09,$2.10B,$1.07B,50.62%,$2.10B,$0.14B,6.80%,$2.10B,$0.14B,6.80%,$2.10B,$0.32B,15.30%,$2.10B,$0.15B,6.94%,$2.10B,$0.09B,4.18%,$0.09B,$0.80B,11.21%,$0.09B,$0.80B,11.21%,$0.09B,$1.45B,6.32%,$0.14B,$0.88B,17.16%,$552,$269,$283,$0,$149,$510,$42,$0,$42,$16,$26,$26,$26,$86,$42,$72,72,$0.36,$0.36,$48,$15,$32,$414,$994,$0,$0,$41,$1035,$1449,$207,$75,$150,$438,$645,$1,$886,$-6,$804,$1449,$66,$132,$-31,$101,$-33,$0,$24,$6,$-2,$165,$-147,$0,$0,$0,$0,$0,$8,$-139,$35,$0,$35,$-26,$-26,$-11,$0,$-2,$24,$4,$-11
17,2014-06-30,25.57,$10.94,2.34,$28.23,0.91,$2.95,8.66,$1.14,22.43,$0.39B,$0.20B,2.01,$0.04B,$0.79B,0.05,$2.06B,$1.04B,50.24%,$2.06B,$0.13B,6.49%,$2.06B,$0.13B,6.49%,$2.06B,$0.31B,15.07%,$2.06B,$0.14B,6.64%,$2.06B,$0.08B,4.02%,$0.08B,$0.79B,10.75%,$0.08B,$0.79B,10.75%,$0.08B,$1.39B,6.07%,$0.13B,$0.83B,16.45%,$542,$266,$276,$0,$145,$500,$42,$1,$43,$17,$26,$26,$26,$87,$42,$72,73,$0.36,$0.35,$28,$15,$32,$391,$962,$0,$0,$38,$1000,$1391,$195,$40,$151,$409,$604,$1,$864,$-5,$787,$1391,$40,$88,$-18,$70,$-30,$0,$11,$-1,$-19,$91,$-63,$0,$0,$0,$0,$0,$5,$-58,$0,$0,$0,$-21,$-21,$-7,$0,$-28,$4,$3,$-7
18,2014-03-31,24.55,$10.71,2.29,$27.65,0.89,$3.61,6.81,$1.14,21.54,$0.40B,$0.19B,2.09,$0.04B,$0.78B,0.05,$2.03B,$1.02B,50.17%,$2.03B,$0.13B,6.60%,$2.03B,$0.13B,6.60%,$2.03B,$0.31B,15.23%,$2.03B,$0.14B,6.75%,$2.03B,$0.08B,4.09%,$0.08B,$0.78B,10.92%,$0.08B,$0.78B,10.92%,$0.08B,$1.37B,6.15%,$0.13B,$0.82B,16.70%,$492,$249,$243,$0,$135,$469,$23,$1,$24,$10,$14,$14,$14,$67,$23,$73,73,$0.20,$0.20,$56,$15,$35,$399,$947,$0,$0,$27,$974,$1373,$190,$40,$146,$407,$598,$1,$842,$-5,$775,$1373,$14,$43,$-11,$32,$-13,$0,$8,$17,$12,$59,$-16,$0,$0,$0,$0,$0,$3,$-13,$0,$0,$0,$-10,$-10,$-4,$0,$-13,$33,$1,$-4
19,2013-12-31,23.75,$10.62,2.24,$27.61,0.86,$3.77,6.31,$1.18,20.13,$0.35B,$0.17B,2.09,$0.04B,$0.77B,0.05,$2.03B,$1.02B,50.34%,$2.03B,$0.14B,6.90%,$2.03B,$0.14B,6.90%,$2.03B,$0.31B,15.42%,$2.03B,$0.14B,7.00%,$2.03B,$0.09B,4.29%,$0.09B,$0.77B,11.62%,$0.09B,$0.77B,11.62%,$0.09B,$1.35B,6.51%,$0.14B,$0.81B,17.69%,$518,$255,$263,$0,$139,$482,$36,$1,$37,$14,$22,$22,$22,$82,$36,$73,73,$0.31,$0.30,$24,$16,$24,$350,$978,$0,$0,$27,$1004,$1354,$168,$40,$147,$414,$582,$1,$831,$-5,$773,$1354,$87,$173,$-14,$159,$-21,$0,$3,$5,$-13,$232,$-152,$0,$0,$0,$0,$0,$12,$-140,$-30,$-20,$-50,$-18,$-18,$-15,$-1,$-84,$8,$5,$-15
20,2013-09-30,22.36,$10.38,2.15,$27.49,0.81,$3.08,7.26,$1.23,18.18,$0.35B,$0.18B,1.92,$0.05B,$0.75B,0.07,$2.02B,$1.02B,50.59%,$2.02B,$0.15B,7.27%,$2.02B,$0.15B,7.27%,$2.02B,$0.32B,15.68%,$2.02B,$0.15B,7.37%,$2.02B,$0.09B,4.50%,$0.09B,$0.75B,12.39%,$0.09B,$0.75B,12.39%,$0.09B,$1.35B,6.83%,$0.15B,$0.80B,18.74%,$512,$257,$255,$0,$138,$479,$33,$1,$33,$12,$21,$21,$21,$75,$33,$73,73,$0.29,$0.29,$17,$18,$35,$349,$976,$0,$0,$27,$1002,$1351,$181,$50,$142,$417,$598,$1,$812,$-4,$753,$1351,$65,$127,$-16,$111,$-26,$0,$14,$7,$-5,$171,$-106,$0,$0,$0,$0,$0,$8,$-98,$-20,$-20,$-40,$-19,$-19,$-11,$-1,$-71,$2,$4,$-11
21,2013-06-30,23.16,$10.16,2.28,$27.40,0.85,$2.45,9.46,$1.28,18.1,$0.35B,$0.17B,2.06,$0.04B,$0.74B,0.05,$2.02B,$1.02B,50.77%,$2.02B,$0.16B,7.73%,$2.02B,$0.16B,7.73%,$2.02B,$0.33B,16.16%,$2.02B,$0.16B,7.83%,$2.02B,$0.10B,4.71%,$0.10B,$0.74B,12.75%,$0.10B,$0.74B,12.75%,$0.10B,$1.32B,7.14%,$0.16B,$0.78B,19.93%,$507,$249,$257,$0,$135,$464,$42,$1,$43,$17,$26,$26,$26,$85,$42,$73,74,$0.35,$0.35,$24,$20,$36,$348,$949,$0,$0,$23,$973,$1320,$169,$40,$144,$412,$582,$1,$795,$-4,$739,$1320,$43,$85,$-10,$75,$-13,$0,$9,$-3,$-7,$111,$-35,$0,$0,$0,$0,$0,$4,$-30,$-30,$-20,$-50,$-14,$-14,$-7,$-0,$-72,$9,$3,$-7
22,2013-03-31,23.04,$9.98,2.31,$27.62,0.83,$1.64,14.04,$1.35,17.07,$0.33B,$0.18B,1.81,$0.04B,$0.73B,0.06,$2.03B,$1.04B,50.98%,$2.03B,$0.17B,8.12%,$2.03B,$0.17B,8.12%,$2.03B,$0.33B,16.44%,$2.03B,$0.17B,8.22%,$2.03B,$0.10B,4.92%,$0.10B,$0.73B,13.27%,$0.10B,$0.73B,13.27%,$0.10B,$1.32B,7.50%,$0.17B,$0.77B,21.12%,$493,$246,$247,$0,$133,$464,$29,$0,$29,$12,$18,$18,$18,$71,$29,$73,74,$0.24,$0.24,$20,$23,$21,$328,$973,$0,$0,$22,$995,$1323,$181,$40,$144,$411,$592,$1,$772,$-3,$731,$1323,$18,$42,$-5,$37,$-8,$0,$6,$23,$22,$77,$-21,$0,$0,$0,$0,$0,$2,$-19,$-30,$-20,$-50,$0,$0,$-4,$-0,$-54,$4,$1,$-4
23,2012-12-31,20.64,$9.76,2.11,$27.73,0.74,$0.91,22.63,$1.40,14.74,$0.32B,$0.18B,1.81,$0.07B,$0.72B,0.1,$2.04B,$1.04B,51.15%,$2.04B,$0.17B,8.39%,$2.04B,$0.17B,8.39%,$2.04B,$0.34B,16.64%,$2.04B,$0.17B,8.54%,$2.04B,$0.10B,5.06%,$0.10B,$0.72B,13.60%,$0.10B,$0.72B,13.60%,$0.10B,$1.34B,7.73%,$0.17B,$0.79B,22.07%,$510,$246,$264,$0,$137,$467,$43,$1,$44,$18,$26,$26,$26,$86,$43,$73,73,$0.36,$0.35,$15,$23,$21,$319,$994,$0,$0,$22,$1016,$1335,$176,$70,$141,$444,$620,$1,$759,$-4,$715,$1335,$103,$167,$-21,$146,$8,$0,$-20,$19,$6,$255,$-225,$0,$0,$0,$0,$0,$8,$-217,$70,$20,$90,$6,$6,$-124,$-7,$-36,$3,$5,$-124
24,2012-09-30,19.04,$10.92,1.74,$27.73,0.69,$0.94,20.21,$1.45,13.13,$0.33B,$0.18B,1.85,$0.00B,$0.80B,0.0,$2.04B,$1.04B,51.30%,$2.04B,$0.18B,8.70%,$2.04B,$0.18B,8.70%,$2.04B,$0.34B,16.81%,$2.04B,$0.18B,8.85%,$2.04B,$0.11B,5.21%,$0.11B,$0.80B,13.95%,$0.11B,$0.80B,13.95%,$0.11B,$1.35B,8.00%,$0.18B,$0.80B,23.30%,$507,$251,$256,$0,$135,$465,$42,$0,$42,$17,$25,$25,$25,$84,$42,$73,73,$0.34,$0.34,$18,$25,$24,$329,$999,$0,$0,$19,$1018,$1346,$177,$0,$137,$373,$550,$1,$846,$-4,$796,$1346,$77,$124,$-19,$105,$1,$0,$-10,$26,$17,$199,$-180,$0,$0,$0,$0,$0,$4,$-176,$0,$0,$0,$0,$0,$-11,$-7,$-17,$6,$3,$-11
25,2012-06-30,21.24,$10.61,2.0,$27.79,0.76,$1.33,15.99,$1.51,14.07,$0.32B,$0.18B,1.81,$0.00B,$0.77B,0.0,$2.04B,$1.05B,51.47%,$2.04B,$0.19B,9.08%,$2.04B,$0.19B,9.08%,$2.04B,$0.35B,17.08%,$2.04B,$0.19B,9.22%,$2.04B,$0.11B,5.45%,$0.11B,$0.77B,14.91%,$0.11B,$0.77B,14.91%,$0.11B,$1.33B,8.50%,$0.19B,$0.77B,24.85%,$522,$253,$269,$0,$139,$471,$51,$0,$52,$21,$31,$31,$31,$93,$51,$73,73,$0.42,$0.42,$18,$26,$16,$323,$980,$0,$0,$22,$1002,$1326,$179,$0,$136,$374,$553,$1,$825,$-5,$773,$1326,$52,$82,$-15,$68,$-1,$0,$-9,$29,$19,$139,$-122,$0,$0,$0,$0,$0,$2,$-120,$0,$0,$0,$0,$0,$-7,$-7,$-14,$6,$2,$-7
26,2012-03-31,22.01,$10.23,2.15,$27.73,0.79,$1.25,17.61,$1.47,14.97,$0.32B,$0.20B,1.58,$0.00B,$0.75B,0.0,$2.03B,$1.04B,51.38%,$2.03B,$0.18B,8.91%,$2.03B,$0.18B,8.91%,$2.03B,$0.34B,16.78%,$2.03B,$0.18B,9.01%,$2.03B,$0.11B,5.31%,$0.11B,$0.75B,14.82%,$0.11B,$0.75B,14.82%,$0.11B,$1.32B,8.44%,$0.18B,$0.75B,24.84%,$498,$245,$253,$0,$134,$463,$35,$0,$36,$14,$21,$21,$21,$76,$35,$73,73,$0.29,$0.29,$12,$28,$19,$318,$984,$0,$0,$22,$1006,$1324,$202,$0,$138,$377,$579,$1,$798,$-4,$745,$1324,$21,$41,$-6,$34,$6,$0,$-2,$25,$28,$84,$-83,$0,$0,$0,$0,$0,$1,$-82,$0,$0,$0,$0,$0,$-4,$1,$-3,$-0,$1,$-4
27,2011-12-31,21.3,$9.95,2.14,$27.36,0.78,$1.69,12.59,$1.40,15.21,$0.34B,$0.20B,1.72,$0.00B,$0.73B,0.0,$2.00B,$1.03B,51.57%,$2.00B,$0.17B,8.64%,$2.00B,$0.17B,8.64%,$2.00B,$0.33B,16.58%,$2.00B,$0.18B,8.74%,$2.00B,$0.10B,5.14%,$0.10B,$0.73B,14.43%,$0.10B,$0.73B,14.43%,$0.10B,$1.30B,8.27%,$0.17B,$0.73B,24.24%,$508,$242,$266,$0,$136,$459,$49,$1,$50,$21,$29,$29,$29,$89,$49,$73,73,$0.40,$0.40,$12,$30,$30,$341,$942,$0,$0,$19,$961,$1302,$199,$0,$135,$378,$577,$1,$780,$-5,$725,$1302,$103,$159,$46,$205,$-28,$0,$19,$-34,$-43,$264,$-232,$0,$0,$0,$0,$0,$7,$-225,$0,$0,$0,$3,$3,$-51,$7,$-41,$-2,$3,$-51
28,2011-09-30,18.0,$10.10,1.78,$26.78,0.67,$2.75,6.54,$1.33,13.54,$0.37B,$0.18B,2.08,$0.00B,$0.74B,0.0,$1.96B,$1.02B,52.20%,$1.96B,$0.17B,8.43%,$1.96B,$0.17B,8.43%,$1.96B,$0.32B,16.50%,$1.96B,$0.17B,8.48%,$1.96B,$0.10B,5.01%,$0.10B,$0.74B,14.01%,$0.10B,$0.74B,14.01%,$0.10B,$1.27B,8.11%,$0.17B,$0.74B,23.58%,$510,$248,$261,$0,$132,$460,$50,$0,$50,$21,$30,$30,$30,$90,$50,$73,73,$0.41,$0.40,$57,$28,$27,$367,$887,$0,$0,$15,$903,$1269,$176,$0,$131,$358,$534,$1,$791,$-5,$735,$1269,$73,$119,$27,$146,$-23,$0,$7,$-2,$-19,$200,$-154,$0,$0,$0,$0,$0,$4,$-149,$0,$0,$0,$3,$3,$-11,$1,$-8,$43,$2,$-11
29,2011-06-30,21.6,$9.76,2.21,$26.18,0.83,$3.11,6.96,$1.26,17.14,$0.34B,$0.17B,1.97,$0.00B,$0.71B,0.0,$1.91B,$1.02B,53.17%,$1.91B,$0.16B,8.11%,$1.91B,$0.16B,8.11%,$1.91B,$0.31B,16.22%,$1.91B,$0.16B,8.22%,$1.91B,$0.09B,4.81%,$0.09B,$0.71B,13.02%,$0.09B,$0.71B,13.02%,$0.09B,$1.22B,7.65%,$0.16B,$0.71B,21.93%,$516,$252,$264,$0,$135,$469,$47,$0,$47,$19,$28,$28,$28,$86,$47,$73,73,$0.38,$0.38,$23,$25,$26,$335,$876,$0,$0,$12,$888,$1223,$170,$0,$129,$343,$513,$1,$765,$-3,$710,$1223,$44,$79,$18,$97,$-23,$0,$6,$-6,$-24,$117,$-106,$0,$0,$0,$0,$0,$3,$-103,$0,$0,$0,$2,$2,$-7,$0,$-4,$10,$1,$-7
30,2011-03-31,22.74,$9.41,2.42,$25.50,0.89,$3.77,6.04,$1.17,19.43,$0.35B,$0.18B,1.98,$0.00B,$0.69B,0.0,$1.86B,$1.01B,54.14%,$1.86B,$0.14B,7.75%,$1.86B,$0.14B,7.75%,$1.86B,$0.30B,15.98%,$1.86B,$0.15B,7.86%,$1.86B,$0.09B,4.57%,$0.09B,$0.69B,11.91%,$0.09B,$0.69B,11.91%,$0.09B,$1.19B,7.08%,$0.14B,$0.69B,20.18%,$469,$228,$242,$0,$133,$442,$27,$0,$28,$11,$16,$16,$16,$67,$27,$73,73,$0.22,$0.22,$48,$21,$22,$351,$827,$0,$0,$12,$840,$1190,$178,$0,$126,$328,$505,$1,$741,$-3,$685,$1190,$16,$40,$9,$49,$-20,$0,$5,$4,$-11,$54,$-20,$0,$0,$0,$0,$0,$1,$-19,$0,$0,$0,$2,$2,$-4,$0,$-1,$34,$1,$-4
31,2010-12-31,19.37,$9.21,2.1,$24.94,0.78,$4.05,4.78,$1.10,17.61,$0.30B,$0.17B,1.77,$0.00B,$0.67B,0.0,$1.81B,$0.99B,54.74%,$1.81B,$0.14B,7.44%,$1.81B,$0.14B,7.44%,$1.81B,$0.29B,15.82%,$1.81B,$0.14B,7.55%,$1.81B,$0.08B,4.41%,$0.08B,$0.67B,11.09%,$0.08B,$0.67B,11.09%,$0.08B,$1.15B,6.65%,$0.14B,$0.67B,18.72%,$463,$208,$255,$0,$131,$423,$41,$0,$41,$17,$24,$24,$24,$80,$41,$72,73,$0.34,$0.33,$14,$17,$23,$298,$841,$0,$0,$13,$854,$1152,$168,$0,$124,$314,$483,$1,$728,$-3,$669,$1152,$80,$152,$-16,$136,$-10,$0,$11,$11,$12,$228,$-119,$0,$0,$0,$0,$0,$5,$-114,$0,$0,$0,$8,$8,$-131,$3,$-119,$-4,$1,$-131
32,2010-09-30,16.28,$10.51,1.55,$24.68,0.66,$3.87,4.2,$1.02,15.96,$0.39B,$0.16B,2.4,$0.00B,$0.76B,0.0,$1.79B,$0.98B,54.89%,$1.79B,$0.13B,6.98%,$1.79B,$0.13B,6.98%,$1.79B,$0.28B,15.41%,$1.79B,$0.13B,7.09%,$1.79B,$0.07B,4.13%,$0.07B,$0.76B,10.13%,$0.07B,$0.76B,10.13%,$0.07B,$1.25B,6.12%,$0.13B,$0.76B,17.12%,$463,$209,$255,$0,$134,$423,$40,$1,$41,$16,$24,$24,$24,$77,$40,$73,73,$0.33,$0.33,$95,$13,$26,$390,$846,$0,$0,$12,$858,$1248,$162,$0,$127,$323,$485,$1,$824,$-4,$763,$1248,$56,$113,$-1,$112,$-21,$0,$9,$-1,$-13,$155,$-83,$0,$0,$0,$0,$0,$3,$-80,$0,$0,$0,$8,$8,$-11,$3,$0,$76,$1,$-11
33,2010-06-30,17.31,$10.19,1.7,$24.28,0.71,$4.17,4.15,$0.95,18.22,$0.35B,$0.16B,2.12,$0.00B,$0.74B,0.0,$1.76B,$0.98B,55.61%,$1.76B,$0.12B,6.72%,$1.76B,$0.12B,6.72%,$1.76B,$0.27B,15.37%,$1.76B,$0.12B,6.77%,$1.76B,$0.07B,3.93%,$0.07B,$0.74B,9.41%,$0.07B,$0.74B,9.41%,$0.07B,$1.21B,5.68%,$0.12B,$0.74B,16.09%,$463,$209,$254,$0,$134,$428,$36,$0,$36,$15,$21,$21,$21,$73,$36,$72,73,$0.29,$0.29,$79,$13,$22,$348,$850,$0,$0,$12,$862,$1210,$164,$0,$126,$309,$473,$1,$803,$-5,$737,$1210,$32,$76,$-14,$61,$-11,$0,$6,$24,$18,$111,$-52,$0,$0,$0,$0,$0,$2,$-50,$0,$0,$0,$5,$5,$-7,$2,$-0,$61,$1,$-7
34,2010-03-31,18.28,$9.94,1.84,$23.51,0.78,$4.38,4.18,$0.84,21.76,$0.35B,$0.17B,2.03,$0.00B,$0.72B,0.0,$1.70B,$0.96B,56.81%,$1.70B,$0.10B,6.13%,$1.70B,$0.10B,6.13%,$1.70B,$0.26B,15.20%,$1.70B,$0.11B,6.19%,$1.70B,$0.06B,3.59%,$0.06B,$0.72B,8.25%,$0.06B,$0.72B,8.25%,$0.06B,$1.20B,4.98%,$0.10B,$0.72B,14.07%,$425,$196,$229,$0,$128,$407,$18,$0,$19,$8,$11,$11,$11,$57,$18,$72,73,$0.15,$0.15,$73,$13,$23,$352,$834,$0,$0,$17,$851,$1203,$173,$0,$124,$314,$487,$1,$786,$-4,$716,$1203,$11,$38,$-9,$29,$-3,$0,$5,$23,$25,$65,$-11,$0,$0,$0,$0,$0,$1,$-10,$0,$0,$0,$2,$2,$-4,$1,$-1,$55,$0,$-4
35,2009-12-31,15.58,$9.80,1.59,$23.13,0.67,$4.09,3.81,$0.79,19.73,$0.29B,$0.15B,1.94,$0.00B,$0.71B,0.0,$1.67B,$0.97B,58.25%,$1.67B,$0.10B,5.82%,$1.67B,$0.10B,5.82%,$1.67B,$0.25B,15.12%,$1.67B,$0.10B,5.88%,$1.67B,$0.06B,3.42%,$0.06B,$0.71B,7.63%,$0.06B,$0.71B,7.63%,$0.06B,$1.17B,4.62%,$0.10B,$0.71B,12.99%,$440,$194,$245,$0,$130,$409,$31,$1,$31,$13,$18,$18,$18,$69,$31,$72,72,$0.25,$0.25,$18,$13,$23,$285,$872,$0,$0,$17,$889,$1173,$147,$0,$122,$322,$468,$1,$779,$-6,$705,$1173,$57,$155,$-5,$150,$5,$0,$-0,$8,$-12,$194,$-99,$0,$0,$0,$0,$0,$4,$-95,$0,$-30,$-30,$3,$3,$-104,$1,$-130,$-30,$1,$-104
36,2009-09-30,13.71,$10.82,1.27,$23.88,0.57,$4.69,2.92,$0.80,17.14,$0.37B,$0.18B,2.11,$0.00B,$0.78B,0.0,$1.72B,$1.00B,58.32%,$1.72B,$0.10B,5.65%,$1.72B,$0.10B,5.65%,$1.72B,$0.26B,14.90%,$1.72B,$0.10B,5.76%,$1.72B,$0.06B,3.38%,$0.06B,$0.78B,7.66%,$0.06B,$0.78B,7.66%,$0.06B,$1.28B,4.60%,$0.10B,$0.78B,12.81%,$429,$180,$249,$0,$131,$396,$33,$1,$33,$14,$19,$19,$19,$71,$33,$72,72,$0.26,$0.26,$106,$12,$19,$369,$892,$0,$0,$16,$908,$1277,$175,$0,$129,$325,$500,$1,$854,$-7,$776,$1277,$39,$117,$-8,$109,$6,$0,$-4,$20,$22,$169,$-77,$0,$0,$0,$0,$0,$3,$-74,$0,$-30,$-30,$1,$1,$-11,$1,$-39,$57,$1,$-11
37,2009-06-30,13.3,$10.61,1.25,$26.06,0.51,$4.92,2.7,$0.85,15.64,$0.36B,$0.17B,2.14,$0.00B,$0.76B,0.0,$1.87B,$1.04B,55.63%,$1.87B,$0.10B,5.45%,$1.87B,$0.10B,5.45%,$1.87B,$0.27B,14.15%,$1.87B,$0.11B,5.61%,$1.87B,$0.06B,3.26%,$0.06B,$0.76B,7.79%,$0.06B,$0.76B,7.79%,$0.06B,$1.25B,4.72%,$0.10B,$0.76B,13.02%,$403,$162,$241,$0,$128,$381,$22,$0,$22,$10,$13,$13,$13,$61,$22,$72,72,$0.18,$0.18,$87,$12,$26,$357,$875,$0,$0,$16,$891,$1248,$167,$0,$127,$322,$489,$1,$839,$-7,$759,$1248,$20,$79,$-10,$70,$17,$0,$-3,$-3,$11,$100,$-27,$0,$0,$0,$0,$0,$2,$-25,$0,$-30,$-30,$0,$0,$-7,$-0,$-37,$39,$1,$-7
38,2009-03-31,11.06,$10.44,1.06,$28.56,0.39,$4.66,2.37,$0.92,12.03,$0.29B,$0.17B,1.75,$0.00B,$0.75B,0.0,$2.05B,$1.08B,52.64%,$2.05B,$0.11B,5.42%,$2.05B,$0.11B,5.42%,$2.05B,$0.28B,13.53%,$2.05B,$0.12B,5.62%,$2.05B,$0.07B,3.22%,$0.07B,$0.75B,8.17%,$0.07B,$0.75B,8.17%,$0.07B,$1.24B,4.99%,$0.11B,$0.75B,13.75%,$395,$158,$236,$0,$134,$383,$11,$1,$12,$5,$7,$7,$7,$51,$11,$72,72,$0.10,$0.10,$49,$12,$15,$294,$929,$0,$0,$16,$945,$1239,$168,$0,$126,$324,$492,$1,$830,$-9,$748,$1239,$7,$40,$-6,$34,$29,$0,$-3,$10,$36,$77,$-44,$0,$0,$0,$0,$0,$1,$-42,$0,$-30,$-30,$0,$0,$-4,$0,$-34,$0,$0,$-4
39,2008-12-31,12.65,$10.42,1.21,$30.26,0.42,$4.97,2.55,$0.94,13.46,$0.33B,$0.20B,1.65,$0.00B,$0.75B,0.0,$2.17B,$1.10B,50.60%,$2.17B,$0.11B,5.22%,$2.17B,$0.11B,5.22%,$2.17B,$0.28B,12.97%,$2.17B,$0.12B,5.40%,$2.17B,$0.07B,3.09%,$0.07B,$0.75B,8.07%,$0.07B,$0.75B,8.07%,$0.07B,$1.28B,4.96%,$0.11B,$0.75B,13.61%,$491,$215,$276,$0,$144,$460,$31,$1,$32,$13,$19,$19,$19,$73,$31,$71,72,$0.26,$0.26,$49,$11,$21,$332,$927,$0,$0,$17,$943,$1275,$201,$0,$128,$328,$530,$1,$827,$-7,$746,$1275,$68,$167,$-4,$164,$28,$0,$-3,$-3,$28,$259,$-121,$0,$0,$0,$0,$0,$6,$-115,$0,$30,$30,$9,$9,$-164,$6,$-119,$24,$1,$-164
40,2008-09-30,13.96,$12.40,1.13,$30.51,0.46,$5.76,2.42,$0.90,15.51,$0.46B,$0.20B,2.28,$0.00B,$0.88B,0.0,$2.20B,$1.10B,49.89%,$2.20B,$0.12B,5.27%,$2.20B,$0.12B,5.27%,$2.20B,$0.28B,12.90%,$2.20B,$0.12B,5.45%,$2.20B,$0.06B,2.91%,$0.06B,$0.88B,7.51%,$0.06B,$0.88B,7.51%,$0.06B,$1.41B,4.70%,$0.12B,$0.88B,13.62%,$584,$295,$289,$0,$151,$546,$38,$1,$39,$17,$22,$22,$22,$80,$38,$71,72,$0.32,$0.31,$136,$10,$24,$456,$934,$0,$0,$17,$951,$1407,$200,$0,$126,$326,$526,$1,$962,$0,$881,$1407,$49,$125,$-1,$125,$-18,$0,$8,$26,$16,$189,$-80,$0,$0,$0,$0,$0,$4,$-76,$0,$0,$0,$4,$4,$-11,$4,$-2,$111,$1,$-11
41,2008-06-30,11.91,$12.14,0.98,$29.32,0.41,$6.43,1.85,$0.89,13.39,$0.40B,$0.20B,2.01,$0.00B,$0.86B,0.0,$2.13B,$1.09B,51.20%,$2.13B,$0.12B,5.41%,$2.13B,$0.12B,5.41%,$2.13B,$0.28B,13.26%,$2.13B,$0.12B,5.55%,$2.13B,$0.06B,3.01%,$0.06B,$0.86B,7.59%,$0.06B,$0.86B,7.59%,$0.06B,$1.37B,4.74%,$0.12B,$0.86B,13.60%,$578,$301,$277,$0,$149,$547,$31,$1,$32,$14,$18,$18,$18,$73,$31,$70,71,$0.26,$0.25,$78,$10,$20,$395,$959,$0,$0,$18,$977,$1372,$197,$0,$123,$320,$517,$1,$943,$2,$855,$1372,$26,$83,$-3,$80,$-21,$0,$14,$21,$14,$120,$-66,$0,$0,$0,$0,$0,$3,$-62,$0,$0,$0,$-1,$-1,$-7,$1,$-7,$52,$1,$-7
42,2008-03-31,11.87,$11.90,1.0,$28.33,0.42,$7.07,1.68,$0.94,12.63,$0.37B,$0.19B,1.96,$0.00B,$0.84B,0.0,$2.08B,$1.09B,52.60%,$2.08B,$0.12B,5.87%,$2.08B,$0.12B,5.87%,$2.08B,$0.29B,13.89%,$2.08B,$0.12B,5.96%,$2.08B,$0.07B,3.27%,$0.07B,$0.84B,8.07%,$0.07B,$0.84B,8.07%,$0.07B,$1.35B,5.00%,$0.12B,$0.84B,14.36%,$513,$259,$254,$0,$143,$499,$13,$1,$14,$6,$8,$8,$8,$55,$13,$70,71,$0.12,$0.12,$78,$10,$23,$373,$958,$0,$0,$19,$978,$1351,$191,$0,$121,$322,$513,$1,$928,$0,$838,$1351,$8,$42,$1,$43,$8,$0,$14,$7,$29,$80,$-25,$0,$0,$0,$0,$0,$2,$-23,$0,$0,$0,$-2,$-2,$-4,$1,$-4,$53,$0,$-4
43,2007-12-31,10.86,$11.83,0.92,$27.76,0.39,$6.78,1.6,$1.03,10.54,$0.33B,$0.17B,1.97,$0.00B,$0.83B,0.0,$2.07B,$1.12B,53.84%,$2.07B,$0.14B,6.57%,$2.07B,$0.14B,6.57%,$2.07B,$0.30B,14.68%,$2.07B,$0.14B,6.62%,$2.07B,$0.08B,3.67%,$0.08B,$0.83B,8.98%,$0.08B,$0.83B,8.98%,$0.08B,$1.32B,5.49%,$0.14B,$0.83B,15.57%,$526,$248,$278,$0,$147,$492,$34,$1,$35,$19,$16,$16,$16,$76,$34,$73,74,$0.22,$0.21,$25,$11,$22,$329,$972,$0,$0,$20,$992,$1321,$167,$0,$125,$322,$489,$1,$923,$-0,$833,$1321,$75,$167,$-19,$148,$19,$0,$-26,$9,$4,$228,$-26,$0,$0,$0,$0,$0,$6,$-20,$-70,$-30,$-100,$-105,$-105,$-14,$5,$-214,$-7,$2,$-14
44,2007-09-30,10.93,$11.78,0.93,$27.22,0.4,$4.59,2.38,$1.12,9.76,$0.33B,$0.19B,1.76,$0.01B,$0.85B,0.01,$2.06B,$1.13B,54.63%,$2.06B,$0.14B,6.93%,$2.06B,$0.14B,6.93%,$2.06B,$0.31B,15.08%,$2.06B,$0.14B,6.93%,$2.06B,$0.08B,4.07%,$0.08B,$0.85B,9.82%,$0.08B,$0.85B,9.82%,$0.08B,$1.36B,5.91%,$0.14B,$0.86B,15.75%,$510,$230,$280,$0,$151,$473,$37,$0,$37,$16,$22,$22,$22,$78,$37,$72,74,$0.30,$0.30,$21,$11,$26,$326,$1013,$0,$0,$20,$1032,$1359,$185,$10,$112,$327,$513,$1,$911,$-0,$846,$1359,$60,$125,$-22,$103,$15,$0,$-12,$21,$24,$187,$-27,$0,$0,$0,$0,$0,$4,$-23,$-70,$-20,$-90,$-79,$-79,$-10,$4,$-175,$-11,$1,$-10
45,2007-06-30,12.81,$11.67,1.1,$27.16,0.47,$3.67,3.49,$1.13,11.33,$0.34B,$0.22B,1.52,$0.02B,$0.85B,0.02,$2.09B,$1.14B,54.20%,$2.09B,$0.15B,7.02%,$2.09B,$0.15B,7.02%,$2.09B,$0.32B,15.09%,$2.09B,$0.15B,7.07%,$2.09B,$0.09B,4.15%,$0.09B,$0.85B,10.08%,$0.09B,$0.85B,10.08%,$0.09B,$1.41B,6.08%,$0.15B,$0.87B,16.06%,$531,$249,$282,$0,$150,$493,$38,$-0,$38,$16,$22,$22,$22,$80,$38,$73,75,$0.30,$0.30,$33,$11,$20,$337,$1052,$0,$0,$19,$1071,$1408,$222,$20,$108,$335,$556,$1,$893,$0,$852,$1408,$38,$84,$-18,$66,$9,$0,$-9,$30,$30,$134,$-29,$0,$0,$0,$0,$0,$3,$-26,$-50,$0,$-50,$-53,$-53,$-7,$3,$-107,$1,$1,$-7
46,2007-03-31,11.49,$11.55,1.0,$26.69,0.43,$3.59,3.2,$1.18,9.74,$0.34B,$0.20B,1.72,$0.08B,$0.85B,0.09,$2.09B,$1.14B,54.45%,$2.09B,$0.16B,7.41%,$2.09B,$0.16B,7.41%,$2.09B,$0.32B,15.44%,$2.09B,$0.16B,7.50%,$2.09B,$0.09B,4.45%,$0.09B,$0.85B,10.71%,$0.09B,$0.85B,10.71%,$0.09B,$1.45B,6.57%,$0.16B,$0.93B,16.93%,$504,$229,$275,$0,$151,$477,$27,$-0,$27,$11,$16,$16,$16,$70,$27,$75,76,$0.21,$0.21,$18,$10,$23,$336,$1089,$0,$0,$20,$1109,$1445,$195,$80,$106,$396,$591,$1,$874,$-1,$854,$1445,$16,$43,$-8,$34,$2,$0,$-11,$26,$18,$68,$-32,$0,$0,$0,$0,$0,$2,$-29,$-20,$0,$-20,$-29,$-29,$-3,$0,$-52,$-14,$0,$-3
47,2006-12-31,11.03,$11.55,0.95,$26.16,0.42,$4.29,2.57,$1.24,8.9,$0.36B,$0.19B,1.89,$0.10B,$0.87B,0.12,$2.08B,$1.14B,54.86%,$2.08B,$0.17B,7.93%,$2.08B,$0.17B,7.93%,$2.08B,$0.33B,15.91%,$2.08B,$0.17B,8.08%,$2.08B,$0.10B,4.76%,$0.10B,$0.87B,11.36%,$0.10B,$0.87B,11.36%,$0.10B,$1.48B,7.12%,$0.17B,$0.97B,18.36%,$518,$229,$290,$0,$149,$478,$41,$0,$41,$17,$24,$24,$24,$83,$41,$78,79,$0.31,$0.32,$32,$11,$24,$361,$1096,$0,$0,$21,$1117,$1478,$191,$100,$100,$417,$608,$1,$862,$-0,$870,$1478,$99,$168,$-19,$148,$7,$0,$23,$-3,$37,$284,$-242,$0,$0,$0,$0,$0,$6,$-236,$100,$-60,$40,$-82,$-82,$-13,$2,$-53,$-5,$2,$-13
