,Date,Stock Price,Book Value per Share,Price to Book Ratio,TTM Sales per Share,Price to Sales Ratio,TTM FCF per Share,Price to FCF Ratio,TTM Net EPS,PE Ratio,Current Assets,Current Liabilities,Current Ratio,Long Term Debt,Shareholder's Equity_x,Debt to Equity Ratio,TTM Revenue_x,TTM Gross Profit,Gross Margin,TTM Revenue_y,TTM Operating Income,Operating Margin,TTM Revenue_x,TTM EBIT,EBIT Margin,TTM Revenue_y,TTM EBITDA,EBITDA Margin,TTM Revenue_x,TTM Pre-Tax Income,Pre-Tax Margin,TTM Revenue_y,TTM Net Income_x,Net Margin,TTM Net Income_y,Shareholder's Equity_y,Return on Equity,TTM Net Income_x,Tangible Equity,Return on Tangible Equity,TTM Net Income_y,Total Assets,Return on Assets,TTM Net Income,LT Investments & Debt,Return on Investment,revenue,cost-goods-sold,gross-profit,research-development-expenses,selling-general-administrative-expenses,operating-expenses,operating-income,total-non-operating-income-expense,pre-tax-income,total-provision-income-taxes,income-after-taxes,income-from-continuous-operations,net-income,ebitda,ebit,basic-shares-outstanding,shares-outstanding,eps-basic-net-earnings-per-share,eps-earnings-per-share-diluted,cash-on-hand,inventory,other-current-assets,total-current-assets,net-property-plant-equipment,long-term-investments,goodwill-intangible-assets-total,other-long-term-assets,total-long-term-assets,total-assets,total-current-liabilities,long-term-debt,other-non-current-liabilities,total-long-term-liabilities,total-liabilities,common-stock-net,retained-earnings-accumulated-deficit,comprehensive-income,total-share-holder-equity,total-liabilities-share-holders-equity,net-income-loss,total-depreciation-amortization-cash-flow,other-non-cash-items,total-non-cash-items,change-in-accounts-receivable,change-in-inventories,change-in-accounts-payable,change-in-assets-liabilities,total-change-in-assets-liabilities,cash-flow-from-operating-activities,net-change-in-property-plant-equipment,net-change-in-intangible-assets,net-acquisitions-divestitures,net-change-in-short-term-investments,net-change-in-long-term-investments,net-change-in-investments-total,investing-activities-other,cash-flow-from-investing-activities,net-long-term-debt,net-current-debt,debt-issuance-retirement-net-total,net-common-equity-issued-repurchased,net-total-equity-issued-repurchased,total-common-preferred-stock-dividends-paid,financial-activities-other,cash-flow-from-financial-activities,net-cash-flow,stock-based-compensation,common-stock-dividends-paid
0,2018-09-30,43.68,$21.52,2.03,$13.34,3.27,$-0.87,0.0,$0.84,52.0,$0.38B,$0.51B,0.75,$4.57B,$3.64B,1.25,$2.01B,$1.48B,73.72%,$2.01B,$0.65B,32.04%,$2.01B,$0.65B,32.04%,$2.01B,$0.96B,47.79%,$2.01B,$0.50B,24.74%,$2.01B,$0.12B,6.01%,$0.12B,$3.64B,3.19%,$0.12B,$2.47B,4.62%,$0.12B,$9.03B,1.40%,$0.65B,$8.21B,8.17%,$508,$106,$402,$0,$14,$307,$200,$-43,$157,$2,$156,$156,$60,$284,$200,$153,153,$0.39,$0.39,$131,$0,$26,$382,$6419,$787,$1170,$14,$8650,$9031,$512,$4566,$300,$4877,$5389,$3583,$0,$0,$3643,$9031,$344,$242,$151,$393,$-9,$0,$0,$24,$15,$752,$-949,$0,$-162,$0,$-50,$-50,$0,$-1161,$1096,$0,$1096,$0,$0,$0,$-635,$461,$52,$5,$0
1,2018-06-30,47.51,$21.91,2.17,$13.78,3.45,$2.05,23.16,$0.83,57.24,$0.25B,$0.49B,0.51,$4.18B,$3.70B,1.13,$2.08B,$1.42B,68.13%,$2.08B,$0.62B,30.00%,$2.08B,$0.62B,30.00%,$2.08B,$0.93B,44.76%,$2.08B,$0.49B,23.51%,$2.08B,$0.12B,5.67%,$0.12B,$3.70B,3.03%,$0.12B,$2.52B,4.36%,$0.12B,$8.67B,1.41%,$0.62B,$7.88B,8.12%,$436,$68,$368,$0,$14,$361,$75,$-39,$36,$0,$36,$36,$-51,$155,$75,$153,153,$-0.32,$-0.32,$53,$0,$27,$247,$6214,$754,$1177,$14,$8419,$8667,$489,$4177,$290,$4476,$4965,$3639,$0,$0,$3701,$8667,$188,$158,$121,$279,$34,$0,$0,$15,$48,$515,$-650,$0,$-162,$0,$-15,$-15,$0,$-827,$708,$0,$708,$0,$0,$0,$-421,$286,$-26,$3,$0
2,2018-03-31,41.08,$22.97,1.79,$14.45,2.84,$4.25,9.66,$1.64,25.05,$0.73B,$0.48B,1.54,$4.18B,$3.88B,1.08,$2.17B,$1.37B,63.21%,$2.17B,$0.76B,34.90%,$2.17B,$0.76B,34.90%,$2.17B,$1.06B,48.82%,$2.17B,$0.63B,29.00%,$2.17B,$0.25B,11.62%,$0.25B,$3.88B,6.33%,$0.25B,$2.69B,9.04%,$0.25B,$8.81B,3.10%,$0.76B,$8.05B,10.04%,$437,$78,$359,$0,$14,$249,$188,$-34,$154,$2,$152,$152,$66,$266,$188,$153,153,$0.38,$0.38,$521,$0,$23,$733,$6064,$558,$1184,$15,$8080,$8813,$478,$4176,$276,$4461,$4938,$3813,$0,$0,$3875,$8813,$152,$78,$4,$82,$-29,$0,$0,$9,$7,$242,$-302,$0,$0,$0,$8,$8,$0,$-294,$708,$0,$708,$0,$0,$0,$-212,$495,$443,$2,$0
3,2017-12-31,45.47,$23.58,1.93,$15.43,2.95,$5.14,8.84,$1.27,35.8,$0.25B,$0.42B,0.6,$3.47B,$3.97B,0.87,$2.25B,$1.34B,59.56%,$2.25B,$0.71B,31.45%,$2.25B,$0.71B,31.45%,$2.25B,$1.00B,44.57%,$2.25B,$0.58B,25.93%,$2.25B,$0.19B,8.54%,$0.19B,$3.97B,4.76%,$0.19B,$2.78B,6.79%,$0.19B,$8.01B,2.45%,$0.71B,$7.44B,9.66%,$632,$277,$355,$0,$12,$450,$182,$-31,$151,$-0,$151,$151,$46,$257,$182,$147,147,$0.42,$0.42,$79,$0,$15,$254,$5731,$566,$1191,$12,$7760,$8014,$424,$3465,$147,$3619,$4043,$3909,$0,$0,$3971,$8014,$578,$295,$56,$351,$-16,$0,$0,$-4,$-28,$901,$-651,$0,$-159,$0,$23,$23,$24,$-764,$370,$0,$370,$-0,$-0,$0,$-787,$-417,$-279,$5,$0
4,2017-09-30,47.57,$23.91,1.99,$15.06,3.16,$7.16,6.64,$1.23,38.68,$0.36B,$0.39B,0.91,$3.34B,$4.02B,0.83,$2.13B,$1.33B,62.44%,$2.13B,$0.71B,33.19%,$2.13B,$0.71B,33.19%,$2.13B,$1.01B,47.25%,$2.13B,$0.58B,27.17%,$2.13B,$0.16B,7.57%,$0.16B,$4.02B,3.95%,$0.16B,$2.82B,5.63%,$0.16B,$7.91B,2.08%,$0.71B,$7.36B,9.72%,$575,$239,$335,$0,$12,$395,$179,$-31,$148,$1,$148,$148,$57,$253,$179,$153,153,$0.38,$0.38,$152,$0,$13,$358,$5508,$574,$1200,$15,$7556,$7914,$393,$3344,$146,$3500,$3894,$3956,$0,$0,$4021,$7914,$427,$219,$44,$264,$-43,$0,$0,$-3,$-46,$645,$-396,$0,$-159,$0,$16,$16,$24,$-515,$250,$0,$250,$-0,$-0,$0,$-586,$-336,$-205,$4,$0
5,2017-06-30,51.02,$24.19,2.11,$14.98,3.41,$7.77,6.56,$1.39,36.71,$0.34B,$0.28B,1.21,$3.25B,$4.06B,0.8,$2.03B,$1.33B,65.34%,$2.03B,$0.72B,35.59%,$2.03B,$0.72B,35.59%,$2.03B,$1.02B,49.95%,$2.03B,$0.60B,29.55%,$2.03B,$0.19B,9.14%,$0.19B,$4.06B,4.52%,$0.19B,$2.86B,6.43%,$0.19B,$7.75B,2.43%,$0.72B,$7.32B,10.06%,$525,$203,$322,$0,$11,$318,$208,$-31,$176,$1,$175,$175,$83,$283,$208,$149,149,$0.49,$0.49,$188,$0,$10,$335,$5348,$581,$1207,$15,$7411,$7746,$277,$3253,$143,$3406,$3683,$4000,$0,$0,$4063,$7746,$279,$146,$40,$186,$-33,$0,$0,$0,$-32,$433,$-237,$0,$-159,$0,$9,$9,$24,$-363,$160,$0,$160,$-0,$-0,$0,$-400,$-240,$-170,$2,$0
6,2017-03-31,54.32,$25.95,2.09,$14.73,3.69,$7.52,7.23,$1.45,37.46,$0.29B,$0.28B,1.02,$3.09B,$3.73B,0.83,$1.94B,$1.33B,68.68%,$1.94B,$0.69B,35.71%,$1.94B,$0.69B,35.71%,$1.94B,$0.96B,49.64%,$1.94B,$0.59B,30.60%,$1.94B,$0.19B,9.60%,$0.19B,$4.07B,4.50%,$0.19B,$2.85B,6.39%,$0.19B,$7.63B,2.45%,$0.69B,$7.16B,9.69%,$516,$189,$327,$0,$13,$378,$138,$-31,$108,$4,$104,$104,$6,$209,$138,$134,134,$0.01,$0.01,$122,$0,$11,$286,$5267,$591,$1214,$15,$7347,$7633,$280,$3092,$183,$3284,$3565,$3668,$0,$0,$4068,$7633,$104,$71,$49,$120,$-2,$0,$0,$-0,$-31,$193,$-126,$0,$-155,$0,$3,$3,$25,$-252,$-0,$0,$-0,$-0,$-0,$0,$-176,$-176,$-236,$1,$0
7,2016-12-31,52.08,$28.40,1.83,$13.86,3.76,$7.79,6.68,$1.75,29.76,$0.59B,$0.32B,1.88,$3.09B,$3.50B,0.88,$1.81B,$1.31B,72.63%,$1.81B,$0.71B,39.17%,$1.81B,$0.71B,39.17%,$1.81B,$0.98B,54.13%,$1.81B,$0.61B,33.85%,$1.81B,$0.23B,12.58%,$0.23B,$4.14B,5.60%,$0.23B,$2.91B,8.05%,$0.23B,$7.73B,3.02%,$0.71B,$7.23B,10.04%,$511,$167,$344,$0,$12,$330,$181,$-35,$146,$1,$145,$145,$15,$260,$181,$130,130,$0.34,$0.34,$358,$0,$13,$594,$5050,$594,$1221,$14,$7139,$7733,$315,$3091,$184,$3282,$3597,$3432,$0,$0,$4136,$7733,$602,$269,$41,$310,$-49,$0,$0,$-4,$5,$918,$-434,$0,$-716,$0,$21,$21,$24,$-1106,$397,$0,$397,$25,$712,$0,$-661,$448,$260,$5,$0
8,2016-09-30,48.07,$28.72,1.67,$13.18,3.65,$6.37,7.54,$-0.20,0.0,$0.37B,$0.25B,1.45,$2.91B,$3.55B,0.82,$1.71B,$1.27B,74.23%,$1.71B,$0.41B,23.90%,$1.71B,$0.41B,23.90%,$1.71B,$0.67B,39.33%,$1.71B,$0.32B,18.64%,$1.71B,$-0.00B,-0.06%,$-0.00B,$4.18B,-0.02%,$-0.00B,$2.95B,-0.04%,$-0.00B,$7.50B,-0.01%,$0.41B,$7.08B,5.94%,$482,$146,$336,$0,$11,$284,$197,$-26,$171,$0,$170,$170,$82,$264,$197,$131,131,$0.54,$0.54,$144,$0,$9,$368,$5031,$599,$1230,$13,$7133,$7501,$254,$2907,$156,$3070,$3324,$3484,$0,$0,$4177,$7501,$457,$190,$29,$219,$-41,$0,$0,$-1,$-18,$658,$-364,$0,$-716,$0,$17,$17,$23,$-1041,$215,$0,$215,$25,$712,$0,$-497,$429,$46,$4,$0
9,2016-06-30,43.31,$28.64,1.51,$12.86,3.37,$5.99,7.23,$0.03,1443.55,$0.39B,$0.24B,1.6,$2.93B,$3.54B,0.83,$1.66B,$1.24B,74.55%,$1.66B,$0.44B,26.35%,$1.66B,$0.44B,26.35%,$1.66B,$0.71B,42.60%,$1.66B,$0.35B,20.88%,$1.66B,$0.03B,1.87%,$0.03B,$4.16B,0.79%,$0.03B,$2.92B,1.16%,$0.03B,$7.50B,0.43%,$0.44B,$7.09B,6.52%,$429,$105,$324,$0,$11,$252,$176,$-9,$168,$0,$167,$167,$83,$229,$176,$131,131,$0.55,$0.55,$158,$0,$6,$385,$5002,$606,$1237,$13,$7119,$7504,$242,$2932,$166,$3104,$3346,$3475,$0,$0,$4158,$7504,$286,$123,$18,$141,$-35,$0,$0,$2,$-34,$394,$-255,$0,$-715,$0,$11,$11,$7,$-953,$240,$0,$240,$25,$712,$0,$-333,$619,$60,$2,$0
10,2016-03-31,36.68,$25.85,1.42,$13.21,2.78,$5.01,7.32,$-0.08,0.0,$0.29B,$0.26B,1.13,$3.02B,$3.33B,0.91,$1.70B,$1.23B,72.63%,$1.70B,$0.43B,25.49%,$1.70B,$0.43B,25.49%,$1.70B,$0.72B,42.55%,$1.70B,$0.33B,19.19%,$1.70B,$0.02B,0.94%,$0.02B,$3.75B,0.42%,$0.02B,$2.50B,0.62%,$0.02B,$7.36B,0.22%,$0.43B,$6.77B,6.61%,$383,$76,$307,$0,$11,$230,$153,$-28,$126,$7,$119,$119,$47,$224,$153,$129,129,$0.31,$0.31,$108,$0,$4,$292,$4940,$611,$1244,$14,$7069,$7361,$259,$3021,$325,$3353,$3612,$3261,$0,$0,$3749,$7361,$119,$71,$13,$84,$13,$0,$0,$3,$34,$237,$-137,$0,$-714,$0,$5,$5,$2,$-843,$330,$0,$330,$25,$465,$0,$-178,$617,$10,$1,$0
11,2015-12-31,39.2,$27.48,1.43,$13.66,2.87,$4.11,9.54,$-0.13,0.0,$0.30B,$0.24B,1.27,$2.69B,$3.92B,0.69,$1.75B,$1.23B,69.88%,$1.75B,$0.16B,9.01%,$1.75B,$0.16B,9.01%,$1.75B,$0.45B,25.56%,$1.75B,$0.06B,3.37%,$1.75B,$-0.25B,-14.26%,$-0.25B,$3.92B,-6.57%,$-0.25B,$2.67B,-9.74%,$-0.25B,$7.30B,-3.57%,$0.16B,$6.61B,2.46%,$417,$114,$303,$0,$11,$534,$-117,$-28,$-146,$8,$-154,$-154,$-213,$-44,$-117,$128,128,$-1.59,$-1.59,$98,$0,$8,$299,$4859,$619,$1251,$13,$7002,$7301,$235,$2691,$317,$3148,$3383,$3420,$0,$0,$3918,$7301,$14,$290,$485,$776,$-4,$0,$0,$-1,$-4,$786,$-491,$0,$-14,$0,$5,$5,$0,$-500,$280,$0,$280,$57,$57,$0,$-591,$-254,$31,$4,$0
12,2015-09-30,38.02,$26.65,1.43,$14.69,2.59,$1.01,37.63,$1.89,20.12,$0.24B,$0.22B,1.06,$2.59B,$3.79B,0.68,$1.85B,$1.31B,70.80%,$1.85B,$0.47B,25.31%,$1.85B,$0.47B,25.31%,$1.85B,$0.77B,41.34%,$1.85B,$0.38B,20.62%,$1.85B,$0.02B,0.92%,$0.02B,$3.79B,0.44%,$0.02B,$2.57B,0.65%,$0.02B,$6.91B,0.25%,$0.47B,$6.38B,7.31%,$433,$128,$305,$0,$10,$206,$226,$-27,$199,$13,$186,$186,$114,$299,$226,$129,129,$0.79,$0.79,$73,$0,$11,$235,$4532,$630,$1227,$31,$6679,$6914,$223,$2587,$304,$2897,$3120,$3727,$0,$0,$3794,$6914,$168,$217,$214,$431,$-19,$0,$0,$-2,$-3,$597,$-358,$0,$-14,$0,$3,$3,$0,$-369,$160,$0,$160,$57,$57,$0,$-439,$-222,$6,$3,$0
13,2015-06-30,50.82,$26.43,1.92,$14.33,3.55,$-1.59,0.0,$1.72,29.54,$0.27B,$0.21B,1.28,$2.68B,$3.76B,0.71,$1.78B,$1.25B,70.36%,$1.78B,$0.38B,21.15%,$1.78B,$0.38B,21.15%,$1.78B,$0.65B,36.45%,$1.78B,$0.30B,16.87%,$1.78B,$-0.03B,-1.41%,$-0.03B,$3.76B,-0.70%,$-0.03B,$2.52B,-0.96%,$-0.03B,$6.96B,-0.39%,$0.38B,$6.44B,6.25%,$466,$147,$319,$0,$9,$295,$171,$-23,$147,$12,$135,$135,$68,$244,$171,$128,128,$0.46,$0.46,$88,$0,$12,$272,$4521,$631,$1239,$31,$6683,$6955,$213,$2677,$300,$2982,$3195,$3692,$0,$0,$3760,$6955,$-18,$145,$285,$429,$-37,$0,$0,$-2,$-39,$372,$-361,$0,$-13,$0,$2,$2,$0,$-372,$250,$0,$250,$57,$57,$0,$-287,$20,$21,$2,$0
14,2015-03-31,52.28,$26.51,1.97,$13.73,3.81,$-2.61,0.0,$1.85,28.26,$0.21B,$0.24B,0.88,$2.53B,$3.76B,0.67,$1.67B,$1.17B,69.92%,$1.67B,$0.33B,19.59%,$1.67B,$0.33B,19.59%,$1.67B,$0.57B,34.21%,$1.67B,$0.26B,15.46%,$1.67B,$-0.03B,-1.56%,$-0.03B,$3.76B,-0.78%,$-0.03B,$2.51B,-1.00%,$-0.03B,$6.83B,-0.44%,$0.33B,$6.29B,5.86%,$437,$139,$298,$0,$11,$559,$-122,$-19,$-141,$12,$-153,$-153,$-219,$-51,$-122,$128,128,$-1.61,$-1.61,$59,$0,$10,$213,$4447,$636,$1246,$28,$6617,$6830,$242,$2533,$290,$2831,$3073,$3688,$0,$0,$3758,$6830,$-153,$71,$280,$351,$-15,$0,$0,$-1,$-3,$195,$-212,$0,$-1,$0,$-2,$-2,$0,$-214,$110,$0,$110,$31,$31,$0,$-130,$11,$-8,$1,$0
15,2014-12-31,57.42,$29.28,1.96,$12.86,4.46,$-3.04,0.0,$2.13,26.96,$0.19B,$0.24B,0.78,$2.42B,$4.13B,0.59,$1.53B,$1.08B,70.12%,$1.53B,$0.56B,36.20%,$1.53B,$0.56B,36.20%,$1.53B,$0.77B,50.16%,$1.53B,$0.50B,32.35%,$1.53B,$0.26B,16.76%,$0.26B,$4.13B,8.49%,$0.26B,$2.86B,9.92%,$0.26B,$6.96B,4.73%,$0.56B,$6.56B,10.80%,$517,$127,$390,$0,$13,$323,$194,$-17,$177,$31,$146,$146,$54,$274,$194,$120,121,$0.42,$0.41,$67,$0,$10,$186,$4571,$634,$1274,$28,$6768,$6955,$240,$2423,$112,$2580,$2820,$3942,$0,$0,$4134,$6955,$457,$215,$53,$267,$1,$0,$0,$4,$-30,$694,$-792,$0,$-1903,$0,$-46,$-46,$0,$-2740,$997,$0,$997,$1454,$1454,$0,$-439,$2012,$-34,$4,$0
16,2014-09-30,58.41,$22.09,2.64,$11.63,5.02,$-3.96,0.0,$2.27,25.73,$0.20B,$0.20B,1.0,$2.08B,$2.68B,0.78,$1.35B,$0.92B,67.88%,$1.35B,$0.46B,34.34%,$1.35B,$0.46B,34.34%,$1.35B,$0.64B,47.52%,$1.35B,$0.41B,30.50%,$1.35B,$0.27B,19.76%,$0.27B,$2.68B,9.82%,$0.27B,$2.53B,10.43%,$0.27B,$5.06B,5.50%,$0.46B,$4.77B,10.14%,$358,$113,$244,$0,$8,$224,$133,$-17,$117,$4,$113,$113,$72,$181,$133,$119,119,$0.60,$0.60,$68,$0,$7,$201,$3768,$639,$158,$29,$4854,$5055,$201,$2083,$86,$2170,$2371,$2613,$0,$0,$2684,$5055,$310,$134,$11,$146,$-17,$0,$0,$2,$-15,$441,$-529,$0,$-372,$0,$-49,$-49,$0,$-950,$657,$0,$657,$102,$102,$0,$-282,$477,$-33,$3,$0
17,2014-06-30,59.06,$22.10,2.67,$11.07,5.34,$-4.57,0.0,$2.20,26.85,$0.22B,$0.18B,1.27,$2.02B,$2.68B,0.75,$1.27B,$0.85B,67.32%,$1.27B,$0.42B,33.23%,$1.27B,$0.42B,33.23%,$1.27B,$0.59B,46.49%,$1.27B,$0.38B,29.76%,$1.27B,$0.26B,20.13%,$0.26B,$2.68B,9.76%,$0.26B,$2.53B,10.39%,$0.26B,$4.97B,5.54%,$0.42B,$4.71B,9.72%,$357,$122,$235,$0,$8,$236,$122,$-16,$105,$3,$103,$103,$67,$167,$122,$118,118,$0.57,$0.57,$111,$0,$5,$224,$3655,$637,$158,$30,$4741,$4965,$177,$2023,$82,$2105,$2282,$2613,$0,$0,$2683,$4965,$197,$87,$10,$98,$-20,$0,$0,$4,$-15,$280,$-391,$0,$-361,$0,$-50,$-50,$0,$-802,$597,$0,$597,$93,$93,$0,$-158,$532,$10,$2,$0
18,2014-03-31,50.65,$21.70,2.33,$10.36,4.89,$-5.07,0.0,$2.04,24.83,$0.19B,$0.17B,1.11,$1.91B,$2.61B,0.73,$1.16B,$0.78B,66.84%,$1.16B,$0.37B,31.78%,$1.16B,$0.37B,31.78%,$1.16B,$0.53B,45.56%,$1.16B,$0.33B,28.77%,$1.16B,$0.23B,20.07%,$0.23B,$2.61B,9.28%,$0.23B,$2.45B,9.91%,$0.23B,$4.78B,5.37%,$0.37B,$4.52B,9.05%,$301,$95,$206,$0,$9,$195,$106,$-9,$97,$2,$95,$95,$64,$147,$106,$118,118,$0.54,$0.54,$83,$0,$7,$191,$3519,$613,$159,$35,$4586,$4777,$172,$1913,$80,$1993,$2166,$2541,$0,$0,$2612,$4777,$95,$42,$4,$46,$-9,$0,$0,$2,$-7,$134,$-199,$0,$-361,$0,$-26,$-26,$0,$-587,$488,$0,$488,$18,$18,$0,$-71,$435,$-18,$1,$0
19,2013-12-31,46.74,$24.16,1.93,$9.95,4.7,$-4.79,0.0,$1.81,25.82,$0.20B,$0.19B,1.02,$1.42B,$2.89B,0.49,$1.09B,$0.71B,65.65%,$1.09B,$0.33B,30.11%,$1.09B,$0.33B,30.11%,$1.09B,$0.48B,44.11%,$1.09B,$0.29B,27.07%,$1.09B,$0.20B,18.51%,$0.20B,$2.89B,8.70%,$0.20B,$2.73B,9.34%,$0.20B,$4.62B,4.96%,$0.33B,$4.31B,8.63%,$335,$103,$232,$0,$9,$232,$103,$-10,$93,$0,$93,$93,$64,$147,$103,$110,110,$0.58,$0.58,$101,$0,$10,$195,$3383,$593,$159,$27,$4423,$4618,$190,$1418,$79,$1535,$1726,$2509,$0,$0,$2892,$4618,$290,$152,$40,$192,$-14,$0,$0,$-4,$11,$493,$-682,$0,$-717,$0,$-290,$-290,$1,$-1689,$248,$0,$248,$741,$741,$0,$-112,$877,$-319,$4,$0
20,2013-09-30,45.12,$19.81,2.28,$9.19,4.91,$-6.25,0.0,$0.98,46.04,$0.12B,$0.18B,0.69,$1.52B,$2.27B,0.67,$0.97B,$0.61B,63.56%,$0.97B,$0.23B,23.91%,$0.97B,$0.23B,23.91%,$0.97B,$0.38B,39.03%,$0.97B,$0.20B,20.81%,$0.97B,$0.11B,11.39%,$0.11B,$2.27B,5.10%,$0.11B,$2.11B,5.50%,$0.11B,$4.04B,2.87%,$0.23B,$3.79B,6.46%,$274,$94,$180,$0,$7,$183,$90,$-8,$82,$-0,$82,$82,$60,$128,$90,$112,112,$0.53,$0.53,$38,$0,$9,$123,$3244,$228,$160,$28,$3919,$4042,$178,$1518,$76,$1596,$1774,$2196,$0,$0,$2268,$4042,$197,$108,$35,$144,$-27,$0,$0,$-3,$-23,$317,$-470,$0,$-710,$0,$-252,$-252,$0,$-1432,$348,$0,$348,$428,$428,$0,$-42,$733,$-382,$3,$0
21,2013-06-30,48.24,$19.82,2.43,$9.20,5.24,$-5.52,0.0,$0.78,61.85,$0.16B,$0.15B,1.08,$1.42B,$2.27B,0.63,$0.93B,$0.58B,62.57%,$0.93B,$0.20B,21.79%,$0.93B,$0.20B,21.79%,$0.93B,$0.34B,36.57%,$0.93B,$0.17B,18.77%,$0.93B,$0.08B,8.74%,$0.08B,$2.27B,4.04%,$0.08B,$2.11B,4.37%,$0.08B,$3.91B,2.27%,$0.20B,$3.69B,6.13%,$251,$93,$158,$0,$7,$182,$70,$-8,$62,$0,$62,$62,$45,$107,$70,$109,109,$0.41,$0.41,$74,$0,$6,$157,$3094,$211,$160,$27,$3752,$3909,$146,$1418,$75,$1495,$1641,$2197,$0,$0,$2268,$3909,$115,$70,$25,$95,$-27,$0,$0,$0,$-26,$183,$-340,$0,$-680,$0,$-156,$-156,$-7,$-1183,$250,$0,$250,$425,$425,$0,$-22,$654,$-346,$2,$0
22,2013-03-31,43.76,$16.95,2.58,$9.30,4.7,$-4.15,0.0,$0.70,62.52,$0.10B,$0.20B,0.5,$1.55B,$1.82B,0.85,$0.90B,$0.56B,62.50%,$0.90B,$0.19B,21.32%,$0.90B,$0.19B,21.32%,$0.90B,$0.32B,35.71%,$0.90B,$0.17B,18.42%,$0.90B,$0.07B,7.37%,$0.07B,$1.82B,3.49%,$0.07B,$1.66B,3.79%,$0.07B,$3.65B,1.97%,$0.19B,$3.37B,6.21%,$226,$83,$143,$0,$8,$162,$64,$-7,$57,$4,$53,$53,$32,$97,$64,$105,105,$0.31,$0.31,$64,$0,$8,$101,$2988,$110,$160,$27,$3546,$3646,$202,$1553,$71,$1626,$1828,$1747,$0,$0,$1818,$3646,$53,$33,$11,$44,$22,$0,$0,$-2,$41,$138,$-166,$0,$-601,$0,$-65,$-65,$0,$-832,$385,$0,$385,$1,$1,$0,$-48,$337,$-356,$1,$0
23,2012-12-31,34.74,$21.35,1.63,$9.63,3.61,$-3.41,0.0,$0.87,39.93,$0.48B,$0.19B,2.58,$1.17B,$2.28B,0.51,$0.90B,$0.56B,62.46%,$0.90B,$0.19B,21.68%,$0.90B,$0.19B,21.68%,$0.90B,$0.32B,35.53%,$0.90B,$0.17B,18.99%,$0.90B,$0.08B,8.72%,$0.08B,$2.28B,4.26%,$0.08B,$2.12B,4.62%,$0.08B,$3.75B,2.50%,$0.19B,$3.45B,6.77%,$215,$81,$133,$0,$64,$208,$7,$-7,$-0,$6,$-6,$-6,$-27,$45,$7,$94,94,$-0.30,$-0.30,$420,$0,$7,$477,$2718,$106,$161,$28,$3273,$3750,$185,$1168,$69,$1284,$1469,$2010,$0,$0,$2280,$3750,$149,$123,$38,$161,$23,$0,$0,$-1,$27,$338,$-637,$0,$-612,$0,$-108,$-108,$0,$-1358,$493,$0,$493,$626,$626,$0,$94,$1213,$193,$4,$0
24,2012-09-30,36.41,$16.98,2.14,$10.46,3.48,$1.73,21.07,$1.49,24.44,$0.08B,$0.21B,0.37,$1.01B,$1.66B,0.61,$0.94B,$0.60B,63.87%,$0.94B,$0.27B,28.59%,$0.94B,$0.27B,28.59%,$0.94B,$0.39B,41.76%,$0.94B,$0.25B,26.57%,$0.94B,$0.14B,14.56%,$0.14B,$1.66B,7.88%,$0.14B,$1.52B,8.55%,$0.14B,$2.95B,4.75%,$0.27B,$2.67B,10.16%,$235,$89,$146,$0,$15,$173,$61,$-6,$55,$5,$50,$50,$31,$90,$61,$96,96,$0.33,$0.33,$47,$0,$9,$78,$2343,$106,$140,$27,$2876,$2954,$210,$1010,$70,$1082,$1292,$1594,$0,$0,$1662,$2954,$155,$85,$24,$109,$77,$0,$0,$2,$79,$344,$-403,$0,$-606,$0,$-0,$-0,$0,$-1009,$336,$0,$336,$216,$216,$0,$-66,$487,$-179,$3,$0
25,2012-06-30,31.18,$18.39,1.7,$10.58,2.95,$4.30,7.25,$1.57,19.86,$0.28B,$0.16B,1.79,$1.01B,$1.80B,0.56,$0.92B,$0.58B,63.10%,$0.92B,$0.26B,28.35%,$0.92B,$0.26B,28.35%,$0.92B,$0.39B,41.77%,$0.92B,$0.25B,26.95%,$0.92B,$0.14B,15.15%,$0.14B,$1.80B,8.09%,$0.14B,$1.66B,8.75%,$0.14B,$3.04B,5.07%,$0.26B,$2.81B,10.25%,$220,$82,$138,$0,$10,$161,$59,$-7,$53,$5,$48,$48,$30,$88,$59,$91,91,$0.33,$0.33,$258,$0,$6,$283,$2224,$107,$134,$27,$2753,$3036,$158,$1010,$69,$1081,$1239,$1657,$0,$0,$1797,$3036,$105,$56,$18,$74,$3,$0,$0,$4,$7,$186,$-193,$0,$-466,$0,$0,$0,$0,$-659,$337,$0,$337,$217,$217,$0,$-50,$504,$31,$2,$0
26,2012-03-31,32.65,$17.06,1.91,$10.74,3.04,$5.73,5.7,$1.63,20.03,$0.07B,$0.12B,0.55,$0.95B,$1.58B,0.6,$0.91B,$0.57B,62.47%,$0.91B,$0.26B,28.56%,$0.91B,$0.26B,28.56%,$0.91B,$0.38B,41.79%,$0.91B,$0.25B,27.35%,$0.91B,$0.14B,15.54%,$0.14B,$1.58B,8.77%,$0.14B,$1.45B,9.51%,$0.14B,$2.72B,5.60%,$0.26B,$2.53B,11.07%,$225,$83,$142,$0,$10,$157,$67,$-5,$62,$4,$58,$58,$44,$95,$67,$91,91,$0.48,$0.48,$40,$0,$7,$67,$2126,$109,$135,$24,$2654,$2720,$122,$948,$68,$1018,$1140,$1450,$0,$0,$1580,$2720,$58,$28,$13,$41,$19,$0,$0,$1,$20,$119,$-76,$0,$-463,$0,$0,$0,$0,$-539,$279,$0,$279,$0,$0,$0,$-46,$233,$-187,$1,$0
27,2011-12-31,28.89,$20.84,1.39,$10.56,2.73,$5.91,4.89,$1.58,18.28,$0.26B,$0.08B,3.35,$0.67B,$1.92B,0.35,$0.87B,$0.54B,62.41%,$0.87B,$0.25B,28.16%,$0.87B,$0.25B,28.16%,$0.87B,$0.36B,41.61%,$0.87B,$0.24B,27.59%,$0.87B,$0.13B,15.17%,$0.13B,$1.92B,8.47%,$0.13B,$1.78B,9.18%,$0.13B,$2.84B,5.55%,$0.25B,$2.59B,11.02%,$261,$87,$175,$0,$16,$179,$82,$-3,$80,$17,$63,$63,$32,$120,$82,$84,84,$0.40,$0.40,$227,$0,$7,$256,$2052,$110,$135,$24,$2581,$2838,$77,$669,$67,$844,$920,$1527,$0,$0,$1917,$2838,$207,$116,$20,$136,$-45,$0,$0,$-16,$-30,$313,$-149,$0,$-331,$0,$-0,$-0,$1,$-480,$187,$0,$187,$335,$335,$0,$-156,$366,$199,$3,$0
28,2011-09-30,23.36,$17.72,1.32,$11.66,2.0,$5.89,3.96,$1.69,13.82,$0.29B,$0.08B,3.5,$0.67B,$1.63B,0.41,$0.90B,$0.53B,58.77%,$0.90B,$0.23B,25.59%,$0.90B,$0.23B,25.59%,$0.90B,$0.35B,38.77%,$0.90B,$0.23B,25.81%,$0.90B,$0.13B,14.97%,$0.13B,$1.63B,9.58%,$0.13B,$1.51B,10.34%,$0.13B,$2.44B,6.28%,$0.23B,$2.30B,11.38%,$218,$90,$128,$0,$9,$164,$54,$-0,$54,$5,$49,$49,$34,$83,$54,$85,85,$0.41,$0.41,$251,$0,$7,$285,$1733,$40,$117,$9,$2158,$2444,$82,$669,$63,$732,$813,$1523,$0,$0,$1630,$2444,$144,$78,$5,$83,$-17,$0,$0,$3,$16,$243,$-78,$0,$-327,$0,$-0,$-0,$0,$-405,$187,$0,$187,$335,$335,$0,$-136,$386,$224,$0,$0
29,2011-06-30,24.3,$16.22,1.5,$10.88,2.23,$4.75,5.12,$1.72,14.13,$0.10B,$0.06B,1.61,$0.67B,$1.35B,0.5,$0.80B,$0.48B,60.50%,$0.80B,$0.21B,26.50%,$0.80B,$0.21B,26.50%,$0.80B,$0.32B,40.00%,$0.80B,$0.21B,26.38%,$0.80B,$0.13B,16.38%,$0.13B,$1.35B,10.67%,$0.13B,$1.23B,11.50%,$0.13B,$2.14B,6.65%,$0.21B,$2.02B,11.40%,$210,$84,$126,$0,$8,$151,$58,$-4,$54,$6,$48,$48,$32,$84,$58,$81,81,$0.40,$0.40,$63,$0,$4,$95,$1619,$40,$115,$9,$2043,$2137,$59,$669,$62,$730,$789,$1252,$0,$0,$1348,$2137,$95,$49,$5,$55,$-20,$0,$0,$5,$-1,$148,$-38,$0,$-304,$0,$-0,$-0,$0,$-342,$187,$0,$187,$133,$133,$0,$-91,$229,$36,$0,$0
30,2011-03-31,23.62,$16.15,1.46,$10.21,2.31,$4.15,5.7,$1.68,14.06,$0.06B,$0.05B,1.18,$0.65B,$1.34B,0.48,$0.72B,$0.44B,62.10%,$0.72B,$0.19B,26.85%,$0.72B,$0.19B,26.85%,$0.72B,$0.29B,40.70%,$0.72B,$0.19B,26.99%,$0.72B,$0.12B,17.06%,$0.12B,$1.34B,10.58%,$0.12B,$1.23B,11.24%,$0.12B,$2.10B,6.85%,$0.19B,$1.99B,11.37%,$181,$67,$114,$0,$8,$130,$51,$1,$52,$5,$47,$47,$34,$75,$51,$79,79,$0.43,$0.43,$31,$0,$6,$56,$1618,$40,$116,$5,$2039,$2095,$47,$645,$60,$706,$753,$1252,$0,$0,$1342,$2095,$47,$24,$2,$26,$-10,$0,$0,$2,$-1,$72,$-21,$0,$-304,$0,$-0,$-0,$0,$-325,$167,$0,$167,$133,$133,$0,$-44,$256,$4,$0,$0
31,2010-12-31,20.26,$16.10,1.26,$9.95,2.04,$4.22,4.8,$1.62,12.5,$0.04B,$0.05B,0.94,$0.47B,$1.27B,0.37,$0.66B,$0.42B,62.90%,$0.66B,$0.18B,26.85%,$0.66B,$0.18B,26.85%,$0.66B,$0.27B,40.87%,$0.66B,$0.18B,27.00%,$0.66B,$0.11B,16.89%,$0.11B,$1.27B,10.63%,$0.11B,$1.21B,11.12%,$0.11B,$1.86B,7.00%,$0.18B,$1.75B,11.69%,$286,$129,$158,$0,$12,$220,$66,$4,$71,$12,$59,$59,$34,$105,$66,$68,68,$0.48,$0.48,$27,$0,$5,$43,$1446,$40,$64,$2,$1813,$1856,$46,$474,$62,$536,$582,$1115,$0,$0,$1274,$1856,$157,$93,$12,$105,$0,$0,$0,$1,$2,$264,$-132,$0,$-753,$0,$-0,$-0,$0,$-886,$299,$0,$299,$346,$346,$0,$-66,$579,$-43,$3,$0
32,2010-09-30,17.89,$13.45,1.33,$8.96,2.0,$3.36,5.32,$1.49,12.01,$0.05B,$0.05B,1.04,$0.74B,$0.95B,0.77,$0.56B,$0.38B,68.69%,$0.56B,$0.16B,28.62%,$0.56B,$0.16B,28.62%,$0.56B,$0.23B,41.50%,$0.56B,$0.16B,28.09%,$0.56B,$0.10B,17.35%,$0.10B,$0.95B,9.14%,$0.10B,$0.89B,9.54%,$0.10B,$1.79B,6.13%,$0.16B,$1.68B,10.99%,$123,$37,$86,$0,$6,$86,$37,$-3,$34,$1,$33,$33,$31,$56,$37,$69,69,$0.44,$0.44,$36,$0,$5,$54,$1376,$41,$60,$3,$1740,$1793,$52,$735,$57,$793,$844,$859,$0,$0,$949,$1793,$97,$55,$2,$57,$11,$0,$0,$-9,$2,$156,$-100,$0,$-753,$0,$-0,$-0,$0,$-853,$570,$0,$570,$99,$99,$0,$-5,$664,$-34,$0,$0
33,2010-06-30,14.44,$15.10,0.96,$9.42,1.53,$3.73,3.87,$1.35,10.7,$0.08B,$0.03B,2.86,$0.29B,$1.05B,0.27,$0.56B,$0.38B,67.44%,$0.56B,$0.15B,27.40%,$0.56B,$0.15B,27.40%,$0.56B,$0.23B,41.28%,$0.56B,$0.16B,27.58%,$0.56B,$0.08B,14.77%,$0.08B,$1.05B,8.21%,$0.08B,$1.02B,8.50%,$0.08B,$1.38B,5.93%,$0.15B,$1.33B,11.92%,$125,$39,$86,$0,$5,$87,$38,$-2,$36,$3,$32,$32,$23,$55,$38,$66,66,$0.35,$0.35,$64,$0,$3,$81,$983,$21,$31,$2,$1298,$1378,$28,$285,$16,$301,$329,$958,$0,$0,$1049,$1378,$65,$35,$-3,$33,$-6,$0,$0,$1,$2,$100,$-50,$0,$-242,$0,$-0,$-0,$0,$-292,$110,$0,$110,$99,$99,$0,$-22,$187,$-6,$0,$0
34,2010-03-31,14.15,$14.52,0.97,$9.20,1.54,$3.52,4.02,$1.32,10.72,$0.07B,$0.03B,2.6,$0.39B,$0.94B,0.41,$0.53B,$0.36B,67.42%,$0.53B,$0.14B,27.12%,$0.53B,$0.14B,27.12%,$0.53B,$0.22B,41.05%,$0.53B,$0.15B,28.25%,$0.53B,$0.08B,14.69%,$0.08B,$0.94B,8.55%,$0.08B,$0.91B,8.85%,$0.08B,$1.37B,6.15%,$0.14B,$1.33B,12.36%,$129,$42,$87,$0,$6,$92,$37,$1,$38,$6,$32,$32,$24,$55,$37,$63,63,$0.37,$0.37,$55,$0,$3,$70,$985,$20,$31,$3,$1299,$1369,$27,$385,$15,$401,$428,$849,$0,$0,$941,$1369,$32,$18,$-2,$16,$-5,$0,$0,$-1,$4,$52,$-7,$0,$-242,$0,$0,$0,$0,$-249,$210,$0,$210,$0,$0,$0,$-29,$181,$-15,$0,$0
35,2009-12-31,12.29,$20.34,0.6,$8.77,1.4,$2.72,4.52,$1.25,9.83,$0.09B,$0.04B,2.45,$0.18B,$1.31B,0.13,$0.49B,$0.33B,66.60%,$0.49B,$0.13B,25.87%,$0.49B,$0.13B,25.87%,$0.49B,$0.20B,39.71%,$0.49B,$0.14B,27.49%,$0.49B,$0.07B,14.46%,$0.07B,$1.31B,8.44%,$0.07B,$1.25B,8.72%,$0.07B,$1.79B,6.24%,$0.13B,$1.48B,12.20%,$182,$57,$125,$0,$9,$133,$48,$0,$49,$10,$39,$39,$19,$66,$48,$56,56,$0.32,$0.32,$70,$0,$4,$86,$1361,$21,$57,$3,$1703,$1789,$35,$175,$56,$448,$483,$788,$0,$0,$1305,$1789,$118,$67,$-4,$63,$2,$0,$0,$2,$-16,$164,$-103,$0,$-101,$0,$-0,$-0,$0,$-205,$-4,$0,$-4,$123,$123,$0,$-44,$75,$34,$0,$0
36,2009-09-30,10.96,$13.14,0.83,$13.66,0.8,$3.17,3.46,$1.22,8.99,$0.06B,$0.02B,2.89,$0.28B,$0.75B,0.37,$0.74B,$0.42B,57.22%,$0.74B,$0.19B,25.24%,$0.74B,$0.19B,25.24%,$0.74B,$0.28B,37.92%,$0.74B,$0.20B,27.13%,$0.74B,$0.05B,7.15%,$0.05B,$0.75B,7.40%,$0.05B,$0.73B,7.59%,$0.05B,$1.06B,5.58%,$0.19B,$1.03B,20.41%,$126,$45,$81,$0,$8,$95,$31,$1,$32,$5,$27,$27,$17,$56,$31,$56,56,$0.30,$0.30,$56,$0,$2,$62,$697,$20,$21,$0,$998,$1060,$22,$276,$11,$288,$309,$664,$0,$0,$751,$1060,$85,$50,$-3,$47,$7,$0,$0,$-2,$-7,$125,$-59,$0,$-101,$0,$-0,$-0,$0,$-161,$101,$0,$101,$0,$0,$0,$-46,$56,$20,$0,$0
37,2009-06-30,9.43,$11.51,0.82,$13.19,0.72,$2.67,3.54,$1.24,7.61,$0.05B,$0.02B,3.26,$0.18B,$0.65B,0.27,$0.71B,$0.40B,55.92%,$0.71B,$0.17B,24.08%,$0.71B,$0.17B,24.08%,$0.71B,$0.25B,35.35%,$0.71B,$0.19B,26.62%,$0.71B,$0.05B,7.46%,$0.05B,$0.65B,7.66%,$0.05B,$0.64B,7.82%,$0.05B,$0.85B,6.21%,$0.17B,$0.83B,20.78%,$94,$29,$65,$0,$5,$65,$28,$3,$31,$2,$29,$29,$18,$41,$28,$56,56,$0.32,$0.32,$40,$0,$1,$48,$511,$19,$14,$1,$805,$853,$15,$175,$9,$185,$200,$654,$0,$0,$654,$853,$52,$25,$-1,$24,$5,$0,$0,$-0,$-5,$70,$-40,$0,$0,$0,$-0,$-0,$0,$-40,$0,$0,$0,$0,$0,$0,$-24,$-24,$6,$0,$0
38,2009-03-31,8.87,$11.51,0.77,$13.13,0.68,$2.71,3.28,$1.07,8.29,$0.04B,$0.01B,3.13,$0.18B,$0.65B,0.27,$0.71B,$0.38B,53.04%,$0.71B,$0.16B,22.77%,$0.71B,$0.16B,22.77%,$0.71B,$0.24B,33.38%,$0.71B,$0.18B,25.18%,$0.71B,$0.04B,6.08%,$0.04B,$0.65B,6.25%,$0.04B,$0.64B,6.35%,$0.04B,$0.85B,5.34%,$0.16B,$0.83B,20.75%,$89,$34,$56,$0,$6,$69,$20,$3,$23,$0,$23,$23,$17,$32,$20,$56,56,$0.30,$0.30,$27,$0,$1,$44,$515,$19,$14,$1,$808,$852,$14,$175,$9,$185,$199,$653,$0,$0,$653,$852,$23,$12,$-1,$11,$-7,$0,$0,$-0,$-14,$20,$-24,$0,$0,$0,$0,$0,$0,$-24,$0,$0,$0,$0,$0,$0,$3,$3,$-2,$0,$0
