,Date,Stock Price,Book Value per Share,Price to Book Ratio,TTM Sales per Share,Price to Sales Ratio,TTM FCF per Share,Price to FCF Ratio,TTM Net EPS,PE Ratio,Current Assets,Current Liabilities,Current Ratio,Long Term Debt,Shareholder's Equity_x,Debt to Equity Ratio,TTM Revenue_x,TTM Gross Profit,Gross Margin,TTM Revenue_y,TTM Operating Income,Operating Margin,TTM Revenue_x,TTM EBIT,EBIT Margin,TTM Revenue_y,TTM EBITDA,EBITDA Margin,TTM Revenue_x,TTM Pre-Tax Income,Pre-Tax Margin,TTM Revenue_y,TTM Net Income_x,Net Margin,TTM Net Income_y,Shareholder's Equity_y,Return on Equity,TTM Net Income_x,Tangible Equity,Return on Tangible Equity,TTM Net Income_y,Total Assets,Return on Assets,TTM Net Income,LT Investments & Debt,Return on Investment,revenue,cost-goods-sold,gross-profit,research-development-expenses,selling-general-administrative-expenses,operating-expenses,operating-income,total-non-operating-income-expense,pre-tax-income,total-provision-income-taxes,income-after-taxes,income-from-continuous-operations,net-income,ebitda,ebit,basic-shares-outstanding,shares-outstanding,eps-basic-net-earnings-per-share,eps-earnings-per-share-diluted,cash-on-hand,inventory,other-current-assets,total-current-assets,net-property-plant-equipment,long-term-investments,goodwill-intangible-assets-total,other-long-term-assets,total-long-term-assets,total-assets,total-current-liabilities,long-term-debt,other-non-current-liabilities,total-long-term-liabilities,total-liabilities,common-stock-net,retained-earnings-accumulated-deficit,comprehensive-income,total-share-holder-equity,total-liabilities-share-holders-equity,net-income-loss,total-depreciation-amortization-cash-flow,other-non-cash-items,total-non-cash-items,change-in-accounts-receivable,change-in-inventories,change-in-accounts-payable,change-in-assets-liabilities,total-change-in-assets-liabilities,cash-flow-from-operating-activities,net-change-in-property-plant-equipment,net-change-in-intangible-assets,net-acquisitions-divestitures,net-change-in-short-term-investments,net-change-in-long-term-investments,net-change-in-investments-total,investing-activities-other,cash-flow-from-investing-activities,net-long-term-debt,net-current-debt,debt-issuance-retirement-net-total,net-common-equity-issued-repurchased,net-total-equity-issued-repurchased,total-common-preferred-stock-dividends-paid,financial-activities-other,cash-flow-from-financial-activities,net-cash-flow,stock-based-compensation,common-stock-dividends-paid
0,2018-09-30,8.48,$3.30,2.57,$1.84,4.62,$0.55,15.28,$0.30,28.27,$0.11B,$0.06B,1.84,$0.19B,$0.37B,0.52,$0.28B,$0.28B,100.00%,$0.28B,$0.07B,26.71%,$0.28B,$0.07B,26.71%,$0.28B,$0.08B,27.44%,$0.28B,$0.07B,25.27%,$0.28B,$0.05B,16.61%,$0.05B,$0.51B,13.27%,$0.05B,$-0.19B,-471.79%,$0.05B,$0.95B,7.76%,$0.07B,$0.70B,16.69%,$73,$0,$73,$4,$40,$51,$22,$6,$28,$5,$22,$22,$20,$23,$22,$151,167,$0.13,$0.13,$77,$4,$0,$113,$10,$55,$699,$2,$833,$945,$61,$194,$40,$378,$440,$2,$9,$0,$506,$945,$48,$2,$-26,$-23,$4,$-2,$-19,$15,$5,$30,$-0,$0,$-239,$66,$0,$66,$-8,$-182,$200,$0,$200,$-1,$-1,$-14,$-9,$176,$23,$10,$-14
1,2018-06-30,9.05,$3.17,2.85,$1.83,4.96,$0.60,15.06,$0.23,39.33,$0.11B,$0.07B,1.63,$0.19B,$0.35B,0.55,$0.26B,$0.26B,100.00%,$0.26B,$0.07B,25.57%,$0.26B,$0.07B,25.57%,$0.26B,$0.07B,26.34%,$0.26B,$0.06B,21.76%,$0.26B,$0.03B,12.98%,$0.03B,$0.49B,12.55%,$0.03B,$-0.21B,39.42%,$0.03B,$0.93B,8.13%,$0.07B,$0.68B,20.99%,$75,$0,$75,$5,$41,$60,$15,$8,$22,$5,$17,$17,$17,$16,$15,$149,163,$0.10,$0.10,$71,$4,$0,$109,$10,$55,$699,$2,$822,$930,$67,$193,$33,$378,$445,$2,$-8,$0,$486,$930,$26,$1,$-12,$-11,$3,$-1,$-22,$5,$-6,$9,$-0,$0,$-233,$66,$0,$66,$-5,$-173,$200,$0,$200,$-1,$-1,$-9,$-9,$181,$17,$7,$-9
2,2018-03-31,9.11,$1.46,6.23,$1.78,5.11,$0.67,13.57,$0.22,41.42,$0.14B,$0.03B,4.11,$0.00B,$0.20B,0.0,$0.24B,$0.24B,100.00%,$0.24B,$0.07B,27.57%,$0.24B,$0.07B,27.57%,$0.24B,$0.07B,27.98%,$0.24B,$0.06B,23.46%,$0.24B,$0.03B,11.93%,$0.03B,$0.20B,14.50%,$0.03B,$0.19B,15.49%,$0.03B,$0.24B,11.75%,$0.07B,$0.20B,33.50%,$60,$0,$60,$4,$36,$42,$18,$-4,$14,$4,$9,$9,$9,$18,$18,$135,136,$0.07,$0.07,$107,$5,$0,$139,$10,$55,$14,$1,$101,$240,$34,$0,$5,$5,$38,$1,$-19,$1,$202,$240,$9,$0,$3,$4,$1,$0,$-23,$-0,$-18,$-5,$-0,$0,$0,$61,$0,$61,$0,$61,$0,$0,$0,$-1,$-1,$-4,$0,$-5,$51,$3,$-4
3,2017-12-31,12.43,$1.41,8.83,$1.75,7.11,$0.72,17.18,$0.20,62.17,$0.15B,$0.06B,2.69,$0.00B,$0.19B,0.0,$0.24B,$0.24B,100.00%,$0.24B,$0.07B,27.31%,$0.24B,$0.07B,27.31%,$0.24B,$0.07B,28.15%,$0.24B,$0.06B,24.37%,$0.24B,$0.03B,11.34%,$0.03B,$0.19B,13.57%,$0.03B,$0.18B,14.46%,$0.03B,$0.26B,11.04%,$0.07B,$0.19B,32.66%,$69,$0,$69,$4,$49,$50,$19,$-13,$6,$5,$0,$0,$0,$19,$19,$135,136,$0.00,$0.00,$55,$66,$1,$154,$11,$55,$14,$1,$101,$255,$57,$0,$5,$5,$62,$1,$-25,$0,$193,$255,$27,$1,$5,$7,$-4,$-0,$22,$-1,$15,$49,$-0,$-2,$0,$-16,$0,$-16,$-19,$-37,$0,$0,$0,$-7,$-7,$-44,$0,$-51,$-39,$15,$-44
4,2017-09-30,10.02,$1.48,6.76,$1.62,6.2,$0.77,13.07,$0.22,45.55,$0.17B,$0.04B,4.15,$0.00B,$0.20B,0.0,$0.22B,$0.22B,100.00%,$0.22B,$0.06B,25.45%,$0.22B,$0.06B,25.45%,$0.22B,$0.06B,27.27%,$0.22B,$0.06B,27.73%,$0.22B,$0.03B,13.18%,$0.03B,$0.20B,14.43%,$0.03B,$0.19B,15.30%,$0.03B,$0.25B,11.92%,$0.06B,$0.20B,27.86%,$58,$0,$58,$4,$36,$42,$15,$0,$15,$8,$8,$8,$8,$16,$15,$135,136,$0.06,$0.06,$73,$68,$1,$166,$11,$52,$12,$1,$82,$248,$40,$0,$5,$5,$45,$1,$-25,$1,$203,$248,$27,$1,$4,$5,$-2,$-0,$1,$1,$-1,$31,$-0,$0,$0,$-18,$0,$-18,$0,$-18,$0,$0,$0,$-4,$-4,$-33,$0,$-37,$-23,$11,$-33
5,2017-06-30,9.93,$1.48,6.71,$1.58,6.3,$0.86,11.55,$0.22,45.14,$0.17B,$0.04B,4.53,$0.00B,$0.20B,0.0,$0.21B,$0.21B,100.00%,$0.21B,$0.06B,26.64%,$0.21B,$0.06B,26.64%,$0.21B,$0.06B,28.04%,$0.21B,$0.06B,28.04%,$0.21B,$0.03B,13.55%,$0.03B,$0.20B,14.37%,$0.03B,$0.19B,15.28%,$0.03B,$0.24B,11.92%,$0.06B,$0.20B,28.25%,$56,$0,$56,$3,$35,$41,$15,$7,$22,$10,$12,$12,$12,$15,$15,$135,136,$0.09,$0.09,$92,$50,$0,$166,$11,$50,$12,$1,$78,$244,$37,$0,$5,$5,$41,$1,$-25,$0,$202,$244,$19,$1,$3,$3,$-2,$-0,$-5,$-1,$-5,$17,$-0,$0,$0,$4,$0,$4,$0,$4,$0,$0,$0,$-4,$-4,$-22,$0,$-26,$-4,$7,$-22
6,2017-03-31,8.78,$1.45,6.07,$1.58,5.58,$0.94,9.31,$0.16,54.91,$0.16B,$0.03B,5.72,$0.00B,$0.20B,0.0,$0.21B,$0.21B,100.00%,$0.21B,$0.06B,28.50%,$0.21B,$0.06B,28.50%,$0.21B,$0.06B,29.91%,$0.21B,$0.05B,22.90%,$0.21B,$0.02B,9.81%,$0.02B,$0.20B,10.33%,$0.02B,$0.19B,11.02%,$0.02B,$0.23B,8.60%,$0.06B,$0.20B,30.01%,$55,$0,$55,$3,$34,$38,$16,$-2,$15,$8,$7,$7,$7,$17,$16,$134,136,$0.05,$0.05,$84,$58,$1,$164,$12,$39,$12,$1,$67,$231,$29,$0,$5,$5,$34,$1,$-25,$0,$198,$231,$7,$0,$6,$7,$-2,$0,$-10,$0,$-11,$2,$-0,$0,$0,$-1,$0,$-1,$0,$-1,$0,$0,$0,$-4,$-4,$-11,$0,$-15,$-13,$3,$-11
7,2016-12-31,10.68,$1.48,7.24,$1.62,6.6,$0.97,10.96,$0.20,53.39,$0.18B,$0.04B,4.07,$0.00B,$0.20B,0.0,$0.22B,$0.22B,100.00%,$0.22B,$0.07B,31.36%,$0.22B,$0.07B,31.36%,$0.22B,$0.07B,32.27%,$0.22B,$0.06B,25.45%,$0.22B,$0.03B,11.82%,$0.03B,$0.20B,12.70%,$0.03B,$0.19B,13.58%,$0.03B,$0.25B,10.57%,$0.07B,$0.20B,33.70%,$51,$0,$51,$3,$35,$41,$10,$-2,$9,$6,$2,$2,$2,$12,$10,$134,136,$0.01,$0.01,$97,$59,$1,$177,$12,$39,$12,$1,$73,$250,$44,$0,$5,$5,$48,$1,$-25,$-0,$201,$250,$26,$3,$14,$17,$10,$-0,$-11,$-1,$12,$55,$-1,$0,$-12,$-76,$0,$-76,$0,$-89,$0,$0,$0,$-39,$-39,$-44,$0,$-83,$-117,$15,$-44
8,2016-09-30,9.77,$1.51,6.48,$1.79,5.45,$1.68,5.83,$0.33,29.61,$0.20B,$0.04B,5.36,$0.00B,$0.21B,0.0,$0.25B,$0.25B,100.00%,$0.25B,$0.10B,40.00%,$0.25B,$0.10B,40.00%,$0.25B,$0.10B,40.00%,$0.25B,$0.08B,33.88%,$0.25B,$0.05B,18.37%,$0.05B,$0.21B,21.10%,$0.05B,$0.19B,22.25%,$0.05B,$0.25B,17.53%,$0.10B,$0.21B,45.96%,$52,$0,$52,$3,$32,$36,$16,$-2,$14,$6,$8,$8,$8,$16,$16,$134,135,$0.06,$0.06,$180,$0,$4,$202,$12,$14,$13,$1,$47,$248,$38,$0,$5,$5,$43,$1,$-34,$1,$206,$248,$24,$1,$11,$12,$10,$0,$-17,$-1,$9,$44,$-1,$0,$-12,$8,$0,$8,$0,$-5,$0,$0,$0,$-39,$-39,$-33,$0,$-72,$-32,$11,$-33
9,2016-06-30,9.23,$1.55,5.96,$2.00,4.62,$2.14,4.31,$0.44,20.97,$0.20B,$0.04B,5.73,$0.00B,$0.21B,0.0,$0.27B,$0.27B,100.00%,$0.27B,$0.12B,44.89%,$0.27B,$0.12B,44.89%,$0.27B,$0.12B,45.26%,$0.27B,$0.11B,39.78%,$0.27B,$0.06B,21.90%,$0.06B,$0.21B,26.91%,$0.06B,$0.19B,27.87%,$0.06B,$0.25B,22.41%,$0.12B,$0.21B,55.16%,$56,$0,$56,$4,$32,$37,$19,$-8,$11,$8,$4,$4,$4,$19,$19,$134,135,$0.03,$0.03,$178,$0,$5,$201,$12,$16,$13,$1,$47,$248,$35,$0,$5,$5,$40,$1,$-31,$1,$208,$248,$16,$1,$23,$23,$10,$0,$-19,$1,$-10,$29,$-1,$0,$-12,$5,$0,$5,$0,$-7,$0,$0,$0,$-36,$-36,$-22,$0,$-57,$-35,$7,$-22
10,2016-03-31,10.69,$1.52,7.03,$2.17,4.92,$2.40,4.45,$0.59,18.12,$0.18B,$0.02B,7.68,$0.00B,$0.20B,0.0,$0.30B,$0.30B,100.00%,$0.30B,$0.15B,49.00%,$0.30B,$0.15B,49.00%,$0.30B,$0.15B,49.33%,$0.30B,$0.14B,46.33%,$0.30B,$0.08B,26.67%,$0.08B,$0.20B,35.52%,$0.08B,$0.19B,36.24%,$0.08B,$0.24B,29.41%,$0.15B,$0.20B,65.26%,$61,$0,$61,$2,$33,$37,$24,$-2,$22,$10,$12,$12,$12,$24,$24,$135,136,$0.09,$0.09,$160,$0,$4,$184,$12,$23,$13,$1,$54,$238,$24,$0,$10,$10,$34,$1,$-24,$0,$204,$238,$12,$0,$13,$14,$7,$0,$-22,$-1,$-19,$7,$-0,$0,$-12,$1,$0,$1,$0,$-11,$0,$0,$0,$-35,$-35,$-11,$0,$-46,$-50,$4,$-11
11,2015-12-31,14.55,$1.69,8.59,$2.16,6.72,$2.48,5.87,$0.59,24.67,$0.24B,$0.05B,4.9,$0.00B,$0.24B,0.0,$0.30B,$0.30B,100.00%,$0.30B,$0.15B,48.83%,$0.30B,$0.15B,48.83%,$0.30B,$0.15B,49.16%,$0.30B,$0.14B,46.15%,$0.30B,$0.08B,26.76%,$0.08B,$0.24B,36.45%,$0.08B,$0.23B,36.70%,$0.08B,$0.29B,29.96%,$0.15B,$0.24B,66.51%,$76,$0,$76,$3,$33,$37,$39,$-3,$36,$15,$21,$21,$21,$39,$39,$137,139,$0.14,$0.14,$210,$0,$0,$241,$12,$0,$2,$24,$52,$293,$49,$0,$9,$9,$58,$1,$-25,$-0,$235,$293,$80,$1,$13,$14,$-9,$0,$16,$-2,$61,$155,$-3,$0,$0,$-10,$0,$-10,$0,$-12,$0,$0,$0,$-20,$-20,$-79,$0,$-98,$45,$11,$-79
12,2015-09-30,14.74,$1.79,8.22,$1.97,7.48,$1.94,7.59,$0.51,28.9,$0.25B,$0.04B,6.34,$0.00B,$0.25B,0.0,$0.27B,$0.27B,100.00%,$0.27B,$0.13B,45.79%,$0.27B,$0.13B,45.79%,$0.27B,$0.13B,46.15%,$0.27B,$0.12B,43.59%,$0.27B,$0.07B,25.27%,$0.07B,$0.25B,33.37%,$0.07B,$0.24B,33.58%,$0.07B,$0.29B,27.71%,$0.13B,$0.25B,60.46%,$81,$0,$81,$2,$36,$39,$41,$-2,$40,$16,$23,$23,$23,$42,$41,$137,138,$0.17,$0.17,$212,$0,$3,$251,$11,$24,$2,$1,$42,$292,$40,$0,$8,$8,$47,$1,$0,$-0,$245,$292,$60,$1,$9,$9,$-7,$0,$9,$-1,$41,$110,$-2,$0,$0,$-10,$0,$-10,$0,$-11,$0,$0,$0,$-19,$-19,$-33,$0,$-52,$47,$8,$-33
13,2015-06-30,20.01,$1.59,12.54,$1.73,11.58,$1.53,13.05,$0.42,47.63,$0.23B,$0.04B,5.65,$0.00B,$0.22B,0.0,$0.24B,$0.24B,100.00%,$0.24B,$0.11B,43.93%,$0.24B,$0.11B,43.93%,$0.24B,$0.11B,44.35%,$0.24B,$0.10B,41.42%,$0.24B,$0.06B,23.85%,$0.06B,$0.22B,30.16%,$0.06B,$0.22B,30.36%,$0.06B,$0.27B,25.17%,$0.11B,$0.22B,55.56%,$82,$0,$82,$2,$36,$39,$43,$-2,$41,$17,$24,$24,$24,$43,$43,$136,138,$0.18,$0.18,$189,$0,$4,$228,$10,$21,$2,$0,$37,$265,$40,$0,$7,$7,$48,$1,$-12,$-0,$217,$265,$36,$0,$5,$5,$-10,$0,$11,$-2,$24,$66,$-0,$0,$0,$-7,$0,$-7,$0,$-8,$0,$0,$0,$-12,$-12,$-22,$0,$-34,$24,$5,$-22
14,2015-03-31,19.47,$1.34,14.58,$1.46,13.37,$1.27,15.33,$0.32,60.83,$0.18B,$0.03B,6.11,$0.00B,$0.18B,0.0,$0.20B,$0.20B,100.00%,$0.20B,$0.08B,41.29%,$0.20B,$0.08B,41.29%,$0.20B,$0.08B,41.79%,$0.20B,$0.08B,38.81%,$0.20B,$0.04B,21.89%,$0.04B,$0.18B,25.40%,$0.04B,$0.18B,25.62%,$0.04B,$0.22B,21.44%,$0.08B,$0.18B,47.91%,$60,$0,$60,$2,$35,$38,$23,$-1,$21,$9,$12,$12,$12,$23,$23,$134,137,$0.09,$0.09,$152,$0,$2,$181,$10,$22,$2,$0,$37,$218,$30,$0,$7,$7,$37,$1,$-25,$-0,$181,$218,$12,$0,$3,$3,$-6,$0,$-1,$0,$2,$17,$-0,$0,$0,$-8,$0,$-8,$0,$-8,$0,$0,$0,$-12,$-12,$-11,$0,$-23,$-14,$2,$-11
15,2014-12-31,14.16,$1.38,10.25,$1.33,10.67,$1.19,11.91,$0.45,31.47,$0.19B,$0.03B,6.29,$0.00B,$0.18B,0.0,$0.18B,$0.18B,100.00%,$0.18B,$0.08B,42.39%,$0.18B,$0.08B,42.39%,$0.18B,$0.08B,42.93%,$0.18B,$0.07B,39.67%,$0.18B,$0.06B,33.70%,$0.06B,$0.18B,38.27%,$0.06B,$0.18B,38.51%,$0.06B,$0.22B,32.50%,$0.08B,$0.18B,48.15%,$50,$0,$50,$2,$29,$32,$18,$-1,$17,$7,$10,$10,$10,$18,$18,$132,139,$0.07,$0.06,$165,$0,$2,$185,$10,$14,$2,$0,$36,$221,$29,$0,$7,$7,$36,$1,$-26,$-0,$184,$221,$61,$1,$10,$10,$-0,$0,$-1,$0,$11,$83,$-5,$0,$1,$-2,$0,$-2,$0,$-6,$0,$0,$0,$-5,$-5,$-11,$0,$-16,$61,$8,$-11
16,2014-09-30,10.23,$1.32,7.74,$1.28,8.0,$1.09,9.42,$0.50,20.46,$0.17B,$0.02B,8.14,$0.00B,$0.17B,0.0,$0.18B,$0.18B,100.00%,$0.18B,$0.08B,44.07%,$0.18B,$0.08B,44.07%,$0.18B,$0.08B,44.63%,$0.18B,$0.07B,40.68%,$0.18B,$0.07B,38.42%,$0.07B,$0.17B,47.47%,$0.07B,$0.17B,47.72%,$0.07B,$0.20B,39.77%,$0.08B,$0.17B,54.45%,$47,$0,$47,$1,$24,$26,$21,$-1,$20,$10,$11,$11,$11,$22,$21,$132,138,$0.08,$0.08,$151,$0,$2,$170,$10,$12,$2,$0,$32,$202,$21,$0,$7,$7,$28,$1,$-25,$-0,$174,$202,$51,$1,$8,$8,$2,$0,$-10,$-1,$-3,$57,$-5,$0,$1,$-1,$0,$-1,$0,$-4,$0,$0,$0,$-6,$-6,$0,$0,$-6,$47,$6,$0
17,2014-06-30,11.11,$1.17,9.5,$1.22,9.1,$1.04,10.66,$0.53,20.96,$0.15B,$0.02B,7.48,$0.00B,$0.15B,0.0,$0.17B,$0.17B,100.00%,$0.17B,$0.07B,42.94%,$0.17B,$0.07B,42.94%,$0.17B,$0.07B,42.94%,$0.17B,$0.07B,39.41%,$0.17B,$0.07B,42.35%,$0.07B,$0.15B,58.78%,$0.07B,$0.15B,59.02%,$0.07B,$0.18B,48.00%,$0.07B,$0.15B,59.59%,$44,$0,$44,$2,$21,$23,$21,$-1,$20,$10,$11,$11,$11,$21,$21,$132,138,$0.08,$0.08,$129,$0,$3,$147,$10,$12,$2,$0,$33,$180,$20,$0,$7,$7,$26,$1,$-36,$0,$154,$180,$41,$0,$5,$6,$3,$0,$-11,$-1,$-14,$33,$-4,$0,$1,$-0,$0,$-0,$0,$-3,$0,$0,$0,$-5,$-5,$0,$0,$-5,$25,$4,$0
18,2014-03-31,11.79,$1.03,11.41,$1.17,10.1,$1.04,11.34,$0.54,21.84,$0.13B,$0.02B,6.39,$0.00B,$0.14B,0.0,$0.16B,$0.16B,100.00%,$0.16B,$0.07B,39.88%,$0.16B,$0.07B,39.88%,$0.16B,$0.07B,39.88%,$0.16B,$0.06B,36.20%,$0.16B,$0.07B,44.79%,$0.07B,$0.14B,71.05%,$0.07B,$0.14B,71.05%,$0.07B,$0.16B,56.48%,$0.07B,$0.14B,63.26%,$43,$0,$43,$1,$24,$25,$18,$-1,$16,$-14,$30,$30,$30,$18,$18,$131,139,$0.23,$0.22,$105,$0,$2,$125,$10,$12,$0,$0,$35,$160,$19,$0,$4,$4,$24,$1,$-46,$0,$136,$160,$30,$0,$3,$3,$-0,$0,$-10,$0,$-24,$9,$-4,$0,$0,$-0,$0,$-0,$0,$-4,$0,$0,$0,$-5,$-5,$0,$0,$-5,$0,$2,$0
19,2013-12-31,15.92,$0.84,19.03,$1.07,14.9,$1.07,14.87,$0.38,41.89,$0.12B,$0.03B,4.24,$0.00B,$0.11B,0.0,$0.15B,$0.15B,100.00%,$0.15B,$0.06B,37.58%,$0.15B,$0.06B,37.58%,$0.15B,$0.06B,37.58%,$0.15B,$0.05B,34.23%,$0.15B,$0.05B,34.23%,$0.05B,$0.11B,60.71%,$0.05B,$0.11B,60.71%,$0.05B,$0.14B,47.11%,$0.06B,$0.11B,66.67%,$43,$0,$43,$2,$23,$25,$18,$-1,$16,$0,$16,$16,$16,$18,$18,$127,140,$0.13,$0.11,$104,$0,$1,$123,$6,$12,$0,$1,$19,$142,$29,$0,$4,$4,$33,$1,$-76,$0,$109,$142,$52,$0,$7,$8,$-5,$0,$16,$0,$11,$70,$-6,$0,$0,$-1,$0,$-1,$0,$-7,$0,$0,$0,$-0,$-0,$0,$0,$-0,$63,$6,$0
20,2013-09-30,10.43,$0.72,14.56,$0.93,11.21,$0.69,15.03,$0.30,34.75,$0.11B,$0.02B,4.38,$0.00B,$0.09B,0.0,$0.13B,$0.13B,100.00%,$0.13B,$0.04B,33.08%,$0.13B,$0.04B,33.08%,$0.13B,$0.04B,33.85%,$0.13B,$0.04B,30.77%,$0.13B,$0.04B,30.77%,$0.04B,$0.09B,57.55%,$0.04B,$0.09B,57.55%,$0.04B,$0.12B,45.20%,$0.04B,$0.09B,61.87%,$40,$0,$40,$1,$22,$24,$16,$-1,$15,$0,$15,$15,$15,$16,$16,$127,140,$0.12,$0.11,$87,$0,$2,$105,$1,$12,$0,$0,$13,$118,$24,$0,$3,$3,$27,$1,$-93,$0,$91,$118,$35,$0,$5,$6,$-4,$0,$11,$-1,$7,$48,$-1,$0,$0,$-1,$0,$-1,$0,$-2,$0,$0,$0,$-0,$-0,$0,$0,$-0,$46,$5,$0
21,2013-06-30,10.4,$0.60,17.38,$0.80,12.93,$0.41,25.12,$0.22,47.27,$0.09B,$0.02B,3.93,$0.00B,$0.08B,0.0,$0.11B,$0.11B,100.00%,$0.11B,$0.03B,29.46%,$0.11B,$0.03B,29.46%,$0.11B,$0.03B,30.36%,$0.11B,$0.03B,26.79%,$0.11B,$0.03B,26.79%,$0.03B,$0.08B,51.72%,$0.03B,$0.08B,51.72%,$0.03B,$0.10B,40.40%,$0.03B,$0.08B,56.90%,$37,$0,$37,$2,$22,$24,$13,$-1,$12,$0,$12,$12,$12,$13,$13,$126,140,$0.10,$0.09,$71,$0,$2,$85,$0,$11,$0,$0,$12,$97,$22,$0,$0,$0,$22,$1,$-108,$0,$75,$97,$20,$0,$3,$4,$-3,$0,$9,$-1,$6,$29,$-0,$0,$0,$-0,$0,$-0,$0,$-1,$0,$0,$0,$1,$1,$0,$0,$1,$29,$3,$0
22,2013-03-31,9.35,$0.49,19.21,$0.68,13.65,$0.27,35.01,$0.13,71.9,$0.07B,$0.02B,4.35,$0.00B,$0.06B,0.0,$0.10B,$0.10B,100.00%,$0.10B,$0.02B,25.26%,$0.10B,$0.02B,25.26%,$0.10B,$0.03B,26.32%,$0.10B,$0.02B,18.95%,$0.10B,$0.02B,18.95%,$0.02B,$0.06B,37.11%,$0.02B,$0.06B,37.11%,$0.02B,$0.08B,27.80%,$0.02B,$0.06B,49.48%,$29,$0,$29,$2,$19,$21,$9,$-1,$8,$0,$8,$8,$8,$9,$9,$125,140,$0.06,$0.06,$52,$0,$2,$65,$0,$11,$0,$0,$11,$76,$15,$0,$0,$0,$15,$1,$-120,$0,$61,$76,$8,$0,$2,$2,$-2,$0,$3,$-1,$1,$10,$-0,$0,$0,$0,$0,$0,$0,$0,$0,$0,$0,$0,$0,$0,$0,$0,$11,$2,$0
23,2012-12-31,5.5,$0.41,13.49,$0.61,8.96,$0.21,25.85,$0.08,68.75,$0.05B,$0.01B,4.2,$0.00B,$0.05B,0.0,$0.09B,$0.09B,100.00%,$0.09B,$0.02B,20.00%,$0.09B,$0.02B,20.00%,$0.09B,$0.02B,22.35%,$0.09B,$0.01B,12.94%,$0.09B,$0.01B,12.94%,$0.01B,$0.05B,26.35%,$0.01B,$0.05B,26.35%,$0.01B,$0.06B,18.80%,$0.02B,$0.05B,40.72%,$24,$0,$24,$1,$15,$18,$5,$-0,$5,$0,$5,$5,$5,$6,$5,$122,138,$0.04,$0.04,$41,$0,$1,$52,$0,$11,$0,$0,$12,$63,$12,$0,$0,$0,$12,$1,$-128,$0,$51,$63,$11,$0,$7,$8,$-4,$0,$-4,$0,$-8,$11,$-0,$0,$0,$-2,$0,$-2,$0,$-2,$0,$0,$0,$7,$7,$0,$0,$7,$16,$7,$0
24,2012-09-30,6.02,$0.36,16.68,$0.56,10.7,$0.23,25.84,$0.05,120.43,$0.05B,$0.02B,3.15,$0.00B,$0.05B,0.0,$0.08B,$0.08B,100.00%,$0.08B,$0.01B,18.18%,$0.08B,$0.01B,18.18%,$0.08B,$0.02B,19.48%,$0.08B,$0.01B,9.09%,$0.08B,$0.01B,9.09%,$0.01B,$0.05B,19.72%,$0.01B,$0.05B,19.72%,$0.01B,$0.06B,13.08%,$0.01B,$0.05B,39.44%,$22,$0,$22,$1,$14,$16,$6,$-1,$5,$0,$5,$5,$5,$6,$6,$123,138,$0.04,$0.03,$40,$0,$2,$51,$1,$9,$0,$0,$10,$61,$16,$0,$0,$0,$16,$1,$-133,$0,$45,$61,$6,$0,$6,$6,$-4,$0,$-0,$-0,$-4,$8,$-0,$0,$0,$-0,$0,$-0,$0,$-1,$0,$0,$0,$7,$7,$0,$0,$7,$14,$6,$0
25,2012-06-30,5.9,$0.30,19.48,$0.54,11.01,$0.25,23.74,$0.03,196.82,$0.05B,$0.02B,2.21,$0.00B,$0.04B,0.0,$0.07B,$0.07B,100.00%,$0.07B,$0.01B,13.70%,$0.07B,$0.01B,13.70%,$0.07B,$0.01B,15.07%,$0.07B,$0.00B,4.11%,$0.07B,$0.00B,4.11%,$0.00B,$0.04B,10.00%,$0.00B,$0.04B,10.00%,$0.00B,$0.06B,6.28%,$0.01B,$0.04B,33.33%,$20,$0,$20,$1,$14,$17,$4,$-4,$0,$0,$0,$0,$0,$4,$4,$122,138,$0.00,$0.00,$39,$0,$2,$49,$1,$10,$0,$0,$10,$59,$22,$0,$0,$0,$22,$1,$-138,$0,$37,$59,$1,$0,$4,$4,$-2,$0,$6,$-0,$3,$9,$-0,$0,$0,$-1,$0,$-1,$0,$-1,$0,$0,$0,$6,$6,$0,$0,$6,$14,$4,$0
26,2012-03-31,7.52,$0.28,26.85,$0.51,14.66,$0.21,35.04,$0.04,188.06,$0.04B,$0.02B,2.36,$0.00B,$0.03B,0.0,$0.07B,$0.07B,100.00%,$0.07B,$0.01B,10.00%,$0.07B,$0.01B,10.00%,$0.07B,$0.01B,11.43%,$0.07B,$0.00B,5.71%,$0.07B,$0.00B,5.71%,$0.00B,$0.03B,15.53%,$0.00B,$0.03B,15.53%,$0.00B,$0.05B,9.70%,$0.01B,$0.03B,27.18%,$19,$0,$19,$1,$14,$17,$2,$-1,$1,$0,$1,$1,$1,$3,$2,$119,137,$0.01,$0.01,$32,$0,$1,$41,$1,$10,$0,$0,$11,$51,$17,$0,$0,$0,$17,$1,$-138,$0,$34,$51,$1,$0,$2,$2,$-2,$0,$-1,$2,$-1,$3,$-0,$0,$0,$-1,$0,$-1,$0,$-1,$0,$0,$0,$5,$5,$0,$0,$5,$7,$2,$0
27,2011-12-31,5.44,$0.22,24.27,$0.48,11.29,$0.20,27.27,$0.03,181.24,$0.03B,$0.02B,1.98,$0.00B,$0.03B,0.0,$0.07B,$0.07B,100.00%,$0.07B,$0.01B,9.09%,$0.07B,$0.01B,9.09%,$0.07B,$0.01B,9.09%,$0.07B,$0.00B,4.55%,$0.07B,$0.00B,4.55%,$0.00B,$0.03B,17.39%,$0.00B,$0.03B,17.39%,$0.00B,$0.04B,10.53%,$0.01B,$0.03B,34.78%,$16,$0,$16,$1,$12,$15,$2,$-1,$1,$0,$1,$1,$1,$2,$2,$114,136,$0.01,$0.00,$26,$0,$2,$33,$1,$9,$0,$0,$10,$43,$17,$0,$0,$0,$17,$1,$-139,$0,$26,$43,$3,$0,$7,$7,$-1,$0,$5,$-1,$3,$14,$-0,$0,$0,$-1,$0,$-1,$0,$-1,$0,$0,$0,$-2,$-2,$0,$0,$-2,$11,$7,$0
28,2011-09-30,6.31,$0.20,31.34,$0.45,13.94,$0.09,68.21,$0.01,630.91,$0.03B,$0.02B,1.91,$0.00B,$0.02B,0.0,$0.06B,$0.06B,100.00%,$0.06B,$0.00B,5.00%,$0.06B,$0.00B,5.00%,$0.06B,$0.00B,5.00%,$0.06B,0,0.00%,$0.06B,0,0.00%,$0.00B,$0.02B,0.00%,$0.00B,$0.02B,0.00%,$0.00B,$0.04B,0.00%,$0.00B,$0.02B,27.91%,$18,$0,$18,$1,$13,$16,$2,$-1,$1,$0,$1,$1,$1,$2,$2,$114,136,$0.01,$0.01,$21,$0,$1,$28,$1,$9,$0,$0,$10,$38,$15,$0,$0,$0,$15,$1,$-140,$0,$23,$38,$2,$0,$5,$6,$-1,$0,$3,$-1,$2,$9,$-0,$0,$0,$-1,$0,$-1,$0,$-1,$0,$0,$0,$-2,$-2,$0,$0,$-2,$7,$5,$0
29,2011-06-30,5.7,$0.17,32.71,$0.41,14.04,$0.02,306.34,$-0.02,0.0,$0.02B,$0.01B,1.92,$0.00B,$0.02B,0.0,$0.05B,$0.05B,100.00%,$0.05B,0,0.00%,$0.05B,0,0.00%,$0.05B,0,0.00%,$0.05B,$-0.00B,-5.88%,$0.05B,$-0.00B,-5.88%,$-0.00B,$0.02B,-60.00%,$-0.00B,$0.02B,-60.00%,$-0.00B,$0.03B,-36.36%,$0.00B,$0.02B,0.00%,$17,$0,$17,$1,$13,$16,$1,$-0,$1,$0,$1,$1,$1,$1,$1,$114,135,$0.01,$0.01,$17,$0,$2,$24,$1,$8,$0,$0,$9,$33,$12,$0,$0,$0,$13,$1,$-141,$0,$20,$33,$1,$0,$4,$4,$-1,$0,$1,$-1,$-1,$4,$-0,$0,$0,$0,$0,$0,$0,$0,$0,$0,$0,$-2,$-2,$0,$0,$-2,$2,$4,$0
