,Date,Stock Price,Book Value per Share,Price to Book Ratio,TTM Sales per Share,Price to Sales Ratio,TTM FCF per Share,Price to FCF Ratio,TTM Net EPS,PE Ratio,Current Assets,Current Liabilities,Current Ratio,Long Term Debt,Shareholder's Equity_x,Debt to Equity Ratio,TTM Revenue_x,TTM Gross Profit,Gross Margin,TTM Revenue_y,TTM Operating Income,Operating Margin,TTM Revenue_x,TTM EBIT,EBIT Margin,TTM Revenue_y,TTM EBITDA,EBITDA Margin,TTM Revenue_x,TTM Pre-Tax Income,Pre-Tax Margin,TTM Revenue_y,TTM Net Income_x,Net Margin,TTM Net Income_y,Shareholder's Equity_y,Return on Equity,TTM Net Income_x,Tangible Equity,Return on Tangible Equity,TTM Net Income_y,Total Assets,Return on Assets,TTM Net Income,LT Investments & Debt,Return on Investment,revenue,cost-goods-sold,gross-profit,research-development-expenses,selling-general-administrative-expenses,operating-expenses,operating-income,total-non-operating-income-expense,pre-tax-income,total-provision-income-taxes,income-after-taxes,income-from-continuous-operations,net-income,ebitda,ebit,basic-shares-outstanding,shares-outstanding,eps-basic-net-earnings-per-share,eps-earnings-per-share-diluted,cash-on-hand,inventory,other-current-assets,total-current-assets,net-property-plant-equipment,long-term-investments,goodwill-intangible-assets-total,other-long-term-assets,total-long-term-assets,total-assets,total-current-liabilities,long-term-debt,other-non-current-liabilities,total-long-term-liabilities,total-liabilities,common-stock-net,retained-earnings-accumulated-deficit,comprehensive-income,total-share-holder-equity,total-liabilities-share-holders-equity,net-income-loss,total-depreciation-amortization-cash-flow,other-non-cash-items,total-non-cash-items,change-in-accounts-receivable,change-in-inventories,change-in-accounts-payable,change-in-assets-liabilities,total-change-in-assets-liabilities,cash-flow-from-operating-activities,net-change-in-property-plant-equipment,net-change-in-intangible-assets,net-acquisitions-divestitures,net-change-in-short-term-investments,net-change-in-long-term-investments,net-change-in-investments-total,investing-activities-other,cash-flow-from-investing-activities,net-long-term-debt,net-current-debt,debt-issuance-retirement-net-total,net-common-equity-issued-repurchased,net-total-equity-issued-repurchased,total-common-preferred-stock-dividends-paid,financial-activities-other,cash-flow-from-financial-activities,net-cash-flow,stock-based-compensation,common-stock-dividends-paid
0,2018-09-30,200.76,$42.91,4.68,$33.14,6.06,$3.26,61.62,$5.18,38.76,$3.91B,$2.61B,1.5,$2.14B,$1.85B,1.16,$1.44B,$1.12B,77.43%,$1.44B,$0.35B,24.24%,$1.44B,$0.37B,25.97%,$1.44B,$0.55B,38.40%,$1.44B,$0.25B,17.29%,$1.44B,$0.23B,15.63%,$0.23B,$1.85B,12.62%,$0.23B,$-1.06B,-18.94%,$0.23B,$7.16B,3.26%,$0.35B,$3.99B,8.97%,$383,$144,$239,$0,$106,$282,$101,$-25,$76,$19,$57,$57,$57,$149,$101,$43,44,$1.33,$1.31,$556,$0,$0,$3909,$167,$24,$2908,$143,$3251,$7160,$2612,$2141,$417,$2698,$5310,$0,$1551,$-123,$1849,$7160,$146,$149,$106,$255,$-685,$0,$371,$103,$-218,$183,$-53,$0,$0,$-1,$-3,$-4,$0,$-57,$123,$-144,$-22,$-10,$-10,$0,$-50,$-81,$29,$25,$0
1,2018-06-30,190.48,$41.59,4.58,$31.89,5.97,$-2.05,0.0,$4.66,40.88,$3.67B,$2.55B,1.44,$2.13B,$1.79B,1.19,$1.38B,$1.07B,77.12%,$1.38B,$0.31B,22.59%,$1.38B,$0.34B,24.40%,$1.38B,$0.52B,37.58%,$1.38B,$0.23B,16.29%,$1.38B,$0.20B,14.63%,$0.20B,$1.79B,11.68%,$0.20B,$-1.16B,-16.07%,$0.20B,$6.95B,2.99%,$0.31B,$3.92B,9.23%,$371,$132,$239,$0,$106,$268,$103,$-50,$53,$14,$39,$39,$39,$154,$103,$43,44,$0.91,$0.90,$336,$0,$0,$3671,$162,$23,$2947,$143,$3281,$6952,$2549,$2125,$355,$2611,$5160,$0,$1493,$-114,$1792,$6952,$89,$101,$59,$160,$-645,$0,$221,$109,$-327,$-78,$-35,$0,$0,$-0,$-3,$-3,$0,$-37,$59,$-114,$-55,$1,$1,$0,$-15,$-68,$-191,$16,$0
2,2018-03-31,156.62,$41.10,3.81,$30.43,5.15,$-2.47,0.0,$4.16,37.65,$3.42B,$2.36B,1.45,$2.13B,$1.77B,1.21,$1.31B,$1.00B,76.18%,$1.31B,$0.26B,19.56%,$1.31B,$0.28B,21.46%,$1.31B,$0.46B,35.24%,$1.31B,$0.20B,15.14%,$1.31B,$0.18B,13.70%,$0.18B,$1.77B,10.74%,$0.18B,$-1.23B,-13.60%,$0.18B,$6.76B,2.73%,$0.26B,$3.90B,8.95%,$355,$135,$220,$0,$112,$276,$78,$-13,$65,$16,$49,$49,$49,$129,$78,$43,43,$1.13,$1.12,$400,$0,$0,$3421,$163,$23,$2997,$145,$3334,$6756,$2357,$2132,$364,$2629,$4985,$0,$1454,$-89,$1770,$6756,$49,$50,$29,$79,$-273,$0,$134,$114,$-43,$85,$-15,$0,$0,$-0,$-2,$-2,$0,$-17,$-42,$-118,$-159,$-11,$-11,$0,$-22,$-193,$-127,$9,$0
3,2017-12-31,141.23,$39.99,3.53,$29.02,4.87,$-6.01,0.0,$3.72,37.97,$3.27B,$2.54B,1.29,$2.03B,$1.72B,1.18,$1.25B,$0.96B,76.48%,$1.25B,$0.24B,19.20%,$1.25B,$0.27B,21.20%,$1.25B,$0.44B,35.52%,$1.25B,$0.18B,14.24%,$1.25B,$0.16B,12.80%,$0.16B,$1.72B,9.87%,$0.16B,$-1.31B,-11.46%,$0.16B,$6.74B,2.48%,$0.24B,$3.75B,10.23%,$331,$-85,$417,$0,$108,$264,$67,$-12,$55,$-24,$80,$80,$80,$121,$92,$43,43,$1.85,$1.85,$527,$0,$0,$3265,$164,$23,$3030,$253,$3478,$6743,$2536,$2028,$340,$2487,$5022,$0,$1405,$-91,$1721,$6743,$159,$204,$115,$318,$-542,$0,$195,$5,$-345,$133,$-79,$0,$-84,$0,$0,$0,$0,$-164,$138,$162,$301,$-9,$-9,$0,$68,$359,$317,$30,$0
4,2017-09-30,112.22,$38.05,2.95,$28.44,3.95,$-12.46,0.0,$1.99,56.39,$3.03B,$4.41B,0.69,$0.33B,$1.63B,0.2,$1.21B,$0.76B,62.73%,$1.21B,$0.22B,18.26%,$1.21B,$0.23B,18.84%,$1.21B,$0.43B,35.37%,$1.21B,$0.13B,10.91%,$1.21B,$0.09B,7.02%,$0.09B,$1.63B,5.42%,$0.09B,$-1.34B,-5.79%,$0.09B,$6.54B,1.36%,$0.22B,$1.96B,11.95%,$324,$135,$189,$0,$93,$260,$64,$-11,$52,$19,$34,$34,$34,$115,$64,$43,43,$0.79,$0.79,$275,$0,$0,$3034,$185,$0,$2969,$344,$3507,$6541,$4411,$327,$20,$497,$4908,$0,$1325,$-90,$1633,$6541,$80,$150,$129,$279,$-596,$0,$228,$-16,$-403,$-45,$-56,$0,$0,$0,$0,$0,$0,$-56,$-27,$173,$147,$-9,$-9,$0,$39,$177,$61,$22,$0
5,2017-06-30,104.27,$36.81,2.83,$27.63,3.77,$-13.06,0.0,$1.66,62.81,$2.83B,$4.32B,0.66,$0.30B,$1.58B,0.19,$1.17B,$0.77B,65.93%,$1.17B,$0.21B,18.06%,$1.17B,$0.22B,18.82%,$1.17B,$0.42B,35.43%,$1.17B,$0.11B,8.94%,$1.17B,$0.07B,6.05%,$0.07B,$1.58B,4.62%,$0.07B,$-1.42B,-4.61%,$0.07B,$6.34B,1.14%,$0.21B,$1.88B,11.79%,$304,$128,$175,$0,$80,$256,$48,$-20,$27,$11,$17,$17,$17,$98,$48,$43,43,$0.40,$0.40,$243,$0,$0,$2829,$177,$0,$3000,$329,$3515,$6344,$4317,$295,$17,$447,$4764,$0,$1291,$-101,$1580,$6344,$46,$99,$82,$181,$-424,$0,$111,$-5,$-319,$-92,$-37,$0,$0,$0,$0,$0,$0,$-37,$8,$162,$170,$0,$0,$0,$-9,$161,$28,$14,$0
6,2017-03-31,103.5,$36.11,2.87,$26.60,3.89,$-12.44,0.0,$1.58,65.51,$2.59B,$4.20B,0.62,$0.25B,$1.55B,0.16,$1.10B,$0.76B,69.11%,$1.10B,$0.22B,19.57%,$1.10B,$0.23B,20.47%,$1.10B,$0.39B,35.69%,$1.10B,$0.09B,8.51%,$1.10B,$0.07B,6.07%,$0.07B,$1.55B,4.69%,$0.07B,$-1.52B,-5.19%,$0.07B,$6.18B,1.18%,$0.22B,$1.80B,13.00%,$291,$116,$175,$0,$82,$231,$61,$-17,$44,$15,$29,$29,$29,$110,$61,$43,43,$0.69,$0.68,$227,$0,$0,$2585,$171,$0,$3070,$343,$3591,$6176,$4197,$248,$18,$430,$4627,$0,$1274,$-106,$1549,$6176,$29,$49,$28,$77,$-195,$0,$61,$-1,$-167,$-61,$-22,$0,$0,$0,$0,$0,$0,$-22,$-87,$206,$119,$-9,$-9,$0,$-19,$91,$11,$6,$0
7,2016-12-31,111.6,$35.15,3.18,$25.14,4.44,$-8.83,0.0,$1.49,74.9,$2.38B,$4.06B,0.59,$0.26B,$1.51B,0.17,$1.02B,$0.74B,72.23%,$1.02B,$0.20B,19.23%,$1.02B,$0.21B,20.41%,$1.02B,$0.35B,34.25%,$1.02B,$0.09B,8.44%,$1.02B,$0.06B,5.99%,$0.06B,$1.51B,4.61%,$0.06B,$-1.60B,-5.95%,$0.06B,$6.00B,1.18%,$0.20B,$1.76B,12.73%,$291,$71,$220,$0,$80,$243,$48,$-39,$9,$6,$3,$3,$5,$105,$55,$41,41,$0.11,$0.11,$214,$0,$0,$2377,$167,$0,$3104,$342,$3620,$5997,$4062,$257,$19,$429,$4491,$0,$1244,$-123,$1506,$5997,$57,$142,$89,$230,$-436,$0,$76,$-56,$-439,$-151,$-62,$-4,$-1089,$-5,$0,$-5,$0,$-1160,$1416,$-198,$1218,$-2,$-2,$0,$0,$1216,$-89,$20,$0
8,2016-09-30,108.09,$35.44,3.05,$23.51,4.6,$6.20,17.42,$1.91,56.59,$2.72B,$4.39B,0.62,$0.24B,$1.52B,0.16,$0.94B,$0.67B,70.67%,$0.94B,$0.20B,21.04%,$0.94B,$0.20B,21.68%,$0.94B,$0.32B,33.48%,$0.94B,$0.11B,11.90%,$0.94B,$0.08B,8.18%,$0.08B,$1.52B,6.31%,$0.08B,$-1.62B,-10.30%,$0.08B,$6.33B,1.66%,$0.20B,$1.76B,13.94%,$288,$84,$204,$0,$77,$233,$55,$-29,$25,$6,$19,$19,$20,$103,$57,$43,43,$0.46,$0.46,$561,$0,$0,$2723,$162,$0,$3135,$270,$3611,$6334,$4385,$242,$14,$430,$4815,$0,$1239,$-103,$1518,$6334,$54,$91,$73,$165,$-406,$0,$170,$-44,$-300,$-81,$-45,$0,$-1089,$-5,$0,$-5,$0,$-1140,$1591,$-111,$1480,$-2,$-2,$0,$-6,$1472,$257,$14,$0
9,2016-06-30,88.67,$29.29,3.03,$22.62,3.92,$14.31,6.2,$2.28,38.89,$2.33B,$2.83B,0.82,$0.19B,$1.14B,0.17,$0.88B,$0.63B,71.33%,$0.88B,$0.21B,24.00%,$0.88B,$0.22B,24.57%,$0.88B,$0.30B,34.13%,$0.88B,$0.16B,18.09%,$0.88B,$0.09B,10.13%,$0.09B,$1.14B,8.03%,$0.09B,$-0.43B,-19.58%,$0.09B,$4.26B,2.14%,$0.21B,$1.32B,16.30%,$234,$70,$164,$0,$67,$182,$52,$-35,$16,$4,$12,$12,$13,$76,$53,$39,39,$0.32,$0.32,$342,$0,$0,$2327,$150,$0,$1568,$210,$1935,$4262,$2830,$188,$13,$296,$3126,$0,$1219,$-104,$1137,$4262,$35,$45,$22,$67,$-384,$0,$167,$15,$-159,$-57,$-36,$0,$0,$-5,$0,$-5,$0,$-41,$53,$67,$120,$-2,$-2,$0,$11,$129,$38,$9,$0
10,2016-03-31,83.36,$29.16,2.86,$22.11,3.77,$17.34,4.81,$2.64,31.58,$2.20B,$2.73B,0.81,$0.18B,$1.13B,0.16,$0.86B,$0.62B,72.53%,$0.86B,$0.22B,25.84%,$0.86B,$0.23B,26.43%,$0.86B,$0.31B,36.09%,$0.86B,$0.19B,21.65%,$0.86B,$0.10B,11.87%,$0.10B,$1.13B,9.31%,$0.10B,$-0.45B,-22.05%,$0.10B,$4.14B,2.47%,$0.22B,$1.31B,17.25%,$206,$58,$148,$0,$63,$165,$41,$-5,$36,$13,$23,$23,$23,$65,$43,$39,39,$0.60,$0.59,$535,$0,$0,$2195,$147,$0,$1585,$208,$1949,$4144,$2725,$183,$10,$288,$3012,$0,$1207,$-93,$1131,$4144,$23,$22,$10,$32,$-50,$0,$69,$12,$31,$86,$-20,$0,$0,$-0,$0,$-0,$0,$-21,$164,$5,$168,$-2,$-2,$0,$0,$166,$235,$4,$0
11,2015-12-31,88.4,$28.28,3.13,$22.00,4.02,$19.74,4.48,$2.62,33.74,$1.90B,$2.47B,0.77,$0.19B,$1.10B,0.17,$0.86B,$0.63B,73.45%,$0.86B,$0.23B,26.78%,$0.86B,$0.23B,27.37%,$0.86B,$0.32B,37.08%,$0.86B,$0.19B,21.64%,$0.86B,$0.10B,11.81%,$0.10B,$1.10B,9.39%,$0.10B,$-0.49B,-21.23%,$0.10B,$3.85B,2.43%,$0.23B,$1.29B,18.30%,$213,$64,$149,$0,$60,$163,$50,$-15,$35,$14,$21,$21,$21,$71,$51,$39,39,$0.54,$0.54,$304,$0,$0,$1900,$139,$0,$1584,$216,$1948,$3848,$2468,$190,$11,$284,$2752,$0,$1184,$-103,$1096,$3848,$110,$83,$91,$174,$200,$0,$-33,$-20,$162,$445,$-63,$0,$-63,$0,$0,$0,$0,$-127,$-135,$-115,$-249,$-24,$-24,$0,$-46,$-320,$-5,$12,$0
12,2015-09-30,86.84,$27.54,3.15,$21.96,3.95,$16.02,5.42,$3.31,26.24,$2.45B,$3.01B,0.81,$0.19B,$1.07B,0.18,$0.85B,$0.64B,75.18%,$0.85B,$0.24B,28.22%,$0.85B,$0.25B,28.92%,$0.85B,$0.33B,38.41%,$0.85B,$0.23B,26.81%,$0.85B,$0.13B,14.99%,$0.13B,$1.07B,11.95%,$0.13B,$-0.45B,-26.23%,$0.13B,$4.35B,3.03%,$0.24B,$1.26B,19.59%,$226,$60,$166,$0,$57,$158,$68,$5,$72,$31,$42,$42,$32,$88,$69,$39,39,$0.83,$0.83,$566,$0,$0,$2449,$125,$0,$1511,$253,$1899,$4349,$3011,$189,$11,$270,$3282,$0,$1163,$-109,$1067,$4349,$88,$63,$103,$166,$-79,$0,$108,$-84,$-7,$248,$-47,$0,$17,$0,$0,$0,$0,$-30,$190,$-83,$107,$-24,$-24,$0,$-45,$38,$249,$10,$0
13,2015-06-30,113.97,$28.08,4.06,$21.83,5.22,$9.78,11.65,$4.39,25.96,$2.30B,$2.80B,0.82,$0.21B,$1.09B,0.19,$0.85B,$0.64B,75.53%,$0.85B,$0.28B,32.47%,$0.85B,$0.28B,33.18%,$0.85B,$0.37B,42.94%,$0.85B,$0.26B,30.12%,$0.85B,$0.17B,20.00%,$0.17B,$1.09B,15.92%,$0.17B,$-0.46B,-33.70%,$0.17B,$4.18B,3.97%,$0.28B,$1.29B,22.78%,$214,$54,$160,$0,$59,$151,$63,$-20,$43,$16,$26,$26,$26,$86,$64,$39,39,$0.68,$0.68,$220,$0,$0,$2296,$115,$0,$1551,$207,$1884,$4180,$2802,$205,$11,$290,$3092,$0,$1131,$-68,$1088,$4180,$46,$44,$80,$124,$-245,$0,$178,$-36,$-117,$53,$-28,$0,$17,$0,$0,$0,$0,$-10,$-36,$-78,$-115,$-24,$-24,$0,$0,$-139,$-100,$7,$0
14,2015-03-31,107.36,$27.11,3.96,$21.50,4.99,$4.10,26.21,$4.82,22.27,$2.38B,$3.00B,0.79,$0.12B,$1.05B,0.12,$0.84B,$0.64B,75.89%,$0.84B,$0.29B,34.96%,$0.84B,$0.30B,35.80%,$0.84B,$0.38B,44.99%,$0.84B,$0.28B,33.41%,$0.84B,$0.19B,22.32%,$0.19B,$1.05B,17.92%,$0.19B,$-0.51B,-46.90%,$0.19B,$4.25B,4.44%,$0.29B,$1.17B,25.23%,$202,$50,$153,$0,$58,$154,$48,$-14,$35,$14,$20,$20,$22,$72,$50,$39,39,$0.58,$0.57,$562,$0,$0,$2376,$108,$0,$1558,$201,$1877,$4253,$2995,$121,$13,$208,$3203,$0,$1104,$-75,$1050,$4253,$20,$22,$54,$76,$18,$0,$110,$-27,$76,$172,$-12,$0,$17,$0,$0,$0,$0,$5,$148,$-72,$76,$-24,$-24,$0,$-0,$51,$226,$3,$0
15,2014-12-31,98.92,$27.71,3.57,$20.96,4.72,$-2.28,0.0,$5.18,19.1,$2.22B,$2.84B,0.78,$0.12B,$1.08B,0.11,$0.82B,$0.62B,75.43%,$0.82B,$0.31B,37.53%,$0.82B,$0.31B,38.26%,$0.82B,$0.38B,46.82%,$0.82B,$0.30B,36.92%,$0.82B,$0.20B,24.69%,$0.20B,$1.08B,19.90%,$0.20B,$-0.54B,-68.36%,$0.20B,$4.12B,4.96%,$0.31B,$1.20B,27.36%,$212,$49,$163,$0,$88,$150,$62,$17,$79,$32,$47,$47,$48,$82,$64,$39,39,$1.22,$1.23,$345,$0,$0,$2217,$106,$0,$1615,$176,$1901,$4119,$2844,$123,$13,$196,$3041,$0,$1082,$-51,$1078,$4119,$200,$70,$20,$90,$56,$0,$-29,$-20,$6,$296,$-58,$0,$-843,$-3,$0,$-3,$0,$-904,$92,$414,$507,$-25,$-25,$0,$45,$527,$-77,$14,$0
16,2014-09-30,110.32,$27.16,4.06,$20.19,5.46,$-8.39,0.0,$4.83,22.84,$2.64B,$3.34B,0.79,$0.13B,$1.06B,0.12,$0.79B,$0.60B,76.14%,$0.79B,$0.32B,40.10%,$0.79B,$0.32B,40.23%,$0.79B,$0.39B,49.24%,$0.79B,$0.28B,35.41%,$0.79B,$0.19B,23.86%,$0.19B,$1.06B,19.36%,$0.19B,$-0.51B,-97.92%,$0.19B,$4.58B,4.82%,$0.32B,$1.18B,29.55%,$222,$56,$166,$0,$55,$120,$103,$-4,$99,$25,$74,$74,$74,$125,$104,$39,39,$1.92,$1.91,$602,$0,$0,$2636,$96,$0,$1567,$276,$1943,$4580,$3340,$127,$14,$184,$3524,$0,$1034,$-25,$1056,$4580,$153,$52,$18,$70,$-389,$0,$202,$-44,$-225,$-3,$-39,$0,$-545,$-2,$0,$-2,$0,$-587,$588,$191,$779,$-20,$-20,$0,$43,$802,$215,$10,$0
17,2014-06-30,104.97,$25.45,4.13,$19.39,5.41,$-8.72,0.0,$4.04,25.98,$2.54B,$2.74B,0.93,$0.10B,$0.99B,0.1,$0.76B,$0.58B,76.39%,$0.76B,$0.29B,38.39%,$0.76B,$0.29B,38.52%,$0.76B,$0.36B,47.10%,$0.76B,$0.25B,32.98%,$0.76B,$0.16B,20.84%,$0.16B,$0.99B,17.03%,$0.16B,$-0.04B,-154.52%,$0.16B,$3.89B,4.31%,$0.29B,$1.09B,28.69%,$202,$48,$154,$0,$43,$121,$80,$-14,$67,$24,$43,$43,$43,$98,$82,$39,39,$1.12,$1.11,$338,$0,$0,$2544,$82,$0,$1029,$160,$1343,$3887,$2743,$103,$19,$155,$2898,$0,$959,$6,$989,$3887,$79,$31,$38,$70,$-499,$0,$182,$-4,$-322,$-173,$-23,$0,$0,$-2,$0,$-2,$0,$-25,$155,$0,$155,$-20,$-20,$0,$20,$155,$-42,$6,$0
18,2014-03-31,95.05,$24.10,3.94,$18.78,5.06,$-3.20,0.0,$4.01,23.7,$2.35B,$2.63B,0.9,$0.08B,$0.94B,0.08,$0.73B,$0.56B,76.29%,$0.73B,$0.28B,37.87%,$0.73B,$0.28B,37.87%,$0.73B,$0.34B,46.59%,$0.73B,$0.25B,34.06%,$0.73B,$0.16B,21.39%,$0.16B,$0.94B,17.69%,$0.16B,$-0.09B,-109.60%,$0.16B,$3.70B,4.41%,$0.28B,$1.02B,28.70%,$182,$48,$134,$0,$44,$121,$62,$-4,$57,$21,$36,$36,$37,$78,$63,$39,39,$0.94,$0.93,$371,$0,$0,$2351,$77,$0,$1031,$163,$1349,$3700,$2627,$78,$26,$136,$2764,$0,$916,$-1,$937,$3700,$36,$16,$19,$35,$-272,$0,$131,$-7,$-149,$-78,$-11,$0,$0,$0,$0,$0,$0,$-11,$98,$0,$98,$-17,$-17,$0,$1,$82,$-7,$2,$0
19,2013-12-31,99.03,$23.17,4.27,$18.35,5.4,$-0.33,0.0,$3.81,25.99,$2.09B,$2.40B,0.87,$0.09B,$0.90B,0.09,$0.72B,$0.55B,77.13%,$0.72B,$0.28B,38.63%,$0.72B,$0.28B,38.63%,$0.72B,$0.34B,47.56%,$0.72B,$0.24B,33.19%,$0.72B,$0.15B,20.78%,$0.15B,$0.90B,17.33%,$0.15B,$-0.12B,-81.64%,$0.15B,$3.43B,4.25%,$0.28B,$0.99B,29.36%,$182,$37,$146,$0,$69,$111,$71,$-15,$56,$22,$34,$34,$34,$87,$68,$39,39,$0.89,$0.89,$377,$0,$0,$2090,$72,$0,$1027,$155,$1343,$3432,$2395,$85,$16,$134,$2529,$0,$880,$-15,$903,$3432,$148,$61,$63,$124,$-194,$0,$-6,$-56,$-233,$40,$-39,$0,$-11,$-1,$0,$-1,$0,$-51,$-186,$400,$214,$-27,$-27,$0,$-8,$179,$164,$9,$0
20,2013-09-30,87.75,$22.62,3.88,$18.01,4.87,$0.79,111.7,$3.67,23.91,$2.32B,$2.65B,0.88,$0.08B,$0.88B,0.09,$0.70B,$0.53B,75.71%,$0.70B,$0.26B,36.22%,$0.70B,$0.26B,36.93%,$0.70B,$0.32B,45.45%,$0.70B,$0.23B,32.10%,$0.70B,$0.14B,20.45%,$0.14B,$0.88B,17.17%,$0.14B,$-0.15B,-65.53%,$0.14B,$3.66B,4.20%,$0.26B,$0.96B,27.64%,$192,$46,$145,$0,$41,$114,$78,$-8,$70,$26,$44,$44,$44,$94,$79,$39,39,$1.12,$1.12,$408,$0,$0,$2321,$70,$0,$1033,$140,$1336,$3657,$2648,$80,$17,$128,$2776,$0,$845,$0,$882,$3657,$114,$45,$43,$88,$-385,$0,$185,$-40,$-228,$-25,$-30,$0,$0,$-1,$0,$-1,$0,$-31,$326,$-39,$287,$-16,$-16,$0,$-19,$252,$194,$7,$0
21,2013-06-30,76.7,$21.24,3.61,$17.24,4.45,$1.00,77.05,$2.92,26.27,$2.15B,$2.49B,0.87,$0.08B,$0.83B,0.1,$0.67B,$0.51B,75.19%,$0.67B,$0.23B,33.88%,$0.67B,$0.23B,34.77%,$0.67B,$0.29B,43.24%,$0.67B,$0.19B,28.38%,$0.67B,$0.11B,16.94%,$0.11B,$0.83B,14.00%,$0.11B,$-0.20B,-69.20%,$0.11B,$3.45B,3.47%,$0.23B,$0.91B,25.34%,$178,$43,$135,$0,$41,$111,$67,$0,$67,$25,$42,$42,$42,$83,$68,$39,39,$1.08,$1.08,$319,$0,$0,$2150,$59,$0,$1032,$109,$1299,$3449,$2485,$82,$20,$137,$2621,$0,$801,$-7,$828,$3449,$71,$30,$28,$59,$-301,$0,$206,$-7,$-97,$32,$-13,$0,$0,$-1,$0,$-1,$0,$-14,$559,$-439,$121,$-27,$-27,$0,$-7,$86,$102,$4,$0
22,2013-03-31,78.5,$21.26,3.69,$16.59,4.73,$-1.20,0.0,$2.62,29.96,$2.15B,$2.51B,0.85,$0.09B,$0.83B,0.11,$0.65B,$0.49B,75.00%,$0.65B,$0.22B,34.57%,$0.65B,$0.23B,35.49%,$0.65B,$0.28B,43.83%,$0.65B,$0.22B,33.18%,$0.65B,$0.10B,15.74%,$0.10B,$0.83B,12.81%,$0.10B,$-0.25B,-108.22%,$0.10B,$3.48B,3.29%,$0.22B,$0.91B,25.35%,$165,$38,$127,$0,$40,$105,$61,$-15,$45,$17,$29,$29,$29,$77,$62,$39,39,$0.74,$0.73,$366,$0,$0,$2147,$59,$0,$1078,$105,$1333,$3480,$2514,$87,$30,$139,$2653,$0,$759,$37,$827,$3480,$29,$15,$21,$36,$-228,$0,$190,$-2,$-36,$29,$-6,$0,$0,$0,$0,$0,$0,$-5,$601,$-439,$162,$-28,$-28,$0,$-6,$129,$152,$2,$0
23,2012-12-31,75.37,$21.02,3.59,$15.95,4.73,$-2.89,0.0,$2.48,30.39,$1.77B,$2.17B,0.82,$0.09B,$0.82B,0.11,$0.62B,$0.47B,74.80%,$0.62B,$0.22B,35.47%,$0.62B,$0.23B,36.44%,$0.62B,$0.28B,44.62%,$0.62B,$0.21B,33.23%,$0.62B,$0.10B,15.41%,$0.10B,$0.82B,12.37%,$0.10B,$-0.27B,-936.59%,$0.10B,$3.13B,3.36%,$0.22B,$0.90B,25.56%,$169,$43,$126,$0,$59,$119,$49,$-6,$44,$15,$29,$29,$29,$66,$51,$39,39,$0.75,$0.74,$214,$0,$0,$1770,$60,$0,$1090,$91,$1362,$3132,$2165,$87,$22,$149,$2314,$0,$730,$37,$818,$3132,$97,$50,$98,$148,$-87,$0,$-41,$-55,$-173,$72,$-28,$0,$-402,$1,$0,$1,$0,$-430,$561,$0,$561,$-10,$-10,$0,$-22,$530,$172,$11,$0
24,2012-09-30,69.72,$20.20,3.45,$15.21,4.58,$-3.35,0.0,$2.58,27.02,$2.08B,$2.15B,0.97,$0.09B,$0.78B,0.11,$0.59B,$0.45B,75.93%,$0.59B,$0.23B,39.23%,$0.59B,$0.24B,40.24%,$0.59B,$0.29B,48.48%,$0.59B,$0.21B,36.03%,$0.59B,$0.10B,16.84%,$0.10B,$0.78B,13.36%,$0.10B,$0.07B,142.35%,$0.10B,$3.06B,3.78%,$0.23B,$0.87B,27.76%,$161,$43,$118,$0,$29,$110,$51,$-16,$35,$21,$14,$14,$14,$65,$53,$39,39,$0.37,$0.37,$452,$0,$0,$2083,$66,$0,$716,$93,$980,$3062,$2152,$87,$17,$126,$2278,$0,$701,$38,$784,$3062,$68,$36,$77,$113,$-306,$0,$163,$-68,$-206,$-25,$-22,$0,$-26,$1,$0,$1,$0,$-47,$498,$12,$510,$-9,$-9,$0,$-19,$481,$410,$9,$0
25,2012-06-30,61.72,$19.52,3.16,$14.98,4.12,$-4.56,0.0,$3.44,17.94,$1.77B,$1.86B,0.95,$0.09B,$0.76B,0.12,$0.59B,$0.45B,76.58%,$0.59B,$0.25B,42.22%,$0.59B,$0.25B,43.25%,$0.59B,$0.30B,51.62%,$0.59B,$0.25B,43.25%,$0.59B,$0.13B,22.91%,$0.13B,$0.76B,18.67%,$0.13B,$0.08B,240.36%,$0.13B,$2.72B,5.37%,$0.25B,$0.85B,30.48%,$153,$38,$115,$0,$30,$90,$63,$28,$91,$60,$30,$30,$30,$76,$64,$39,39,$0.78,$0.78,$236,$0,$0,$1768,$65,$0,$679,$91,$948,$2716,$1864,$89,$6,$94,$1959,$0,$687,$29,$757,$2716,$54,$23,$32,$55,$-217,$0,$114,$-63,$-159,$-51,$-16,$0,$-28,$1,$0,$1,$0,$-43,$256,$30,$286,$-13,$-13,$0,$2,$276,$182,$6,$0
26,2012-03-31,64.73,$19.13,3.38,$14.69,4.41,$-5.97,0.0,$3.70,17.49,$1.60B,$1.65B,0.97,$0.09B,$0.75B,0.13,$0.57B,$0.44B,77.14%,$0.57B,$0.25B,42.76%,$0.57B,$0.25B,43.63%,$0.57B,$0.30B,52.01%,$0.57B,$0.23B,39.44%,$0.57B,$0.15B,25.31%,$0.15B,$0.75B,21.07%,$0.15B,$0.09B,557.69%,$0.15B,$2.51B,5.90%,$0.25B,$0.84B,31.31%,$140,$33,$107,$0,$29,$82,$58,$-21,$37,$14,$23,$23,$23,$71,$59,$39,39,$0.60,$0.59,$47,$0,$0,$1603,$61,$0,$660,$48,$911,$2514,$1646,$93,$30,$123,$1769,$0,$657,$39,$745,$2514,$23,$12,$24,$36,$-234,$0,$143,$-10,$-97,$-38,$-5,$0,$0,$0,$0,$0,$0,$-5,$51,$-4,$47,$-1,$-1,$0,$2,$47,$5,$3,$0
27,2011-12-31,54.28,$18.30,2.97,$14.20,3.82,$-6.18,0.0,$3.42,15.87,$1.38B,$1.46B,0.94,$0.09B,$0.71B,0.13,$0.55B,$0.43B,77.40%,$0.55B,$0.23B,42.13%,$0.55B,$0.24B,43.04%,$0.55B,$0.29B,51.90%,$0.55B,$0.21B,37.61%,$0.55B,$0.13B,24.23%,$0.13B,$0.71B,20.67%,$0.13B,$0.05B,-724.32%,$0.13B,$2.28B,5.52%,$0.23B,$0.80B,31.31%,$140,$29,$111,$0,$48,$79,$61,$-9,$51,$19,$33,$33,$33,$76,$63,$39,39,$0.85,$0.85,$43,$0,$0,$1375,$62,$0,$659,$38,$903,$2278,$1460,$93,$16,$109,$1569,$0,$633,$31,$709,$2278,$134,$48,$48,$96,$-198,$0,$29,$-2,$-178,$51,$-25,$0,$-8,$-8,$0,$-8,$0,$-41,$229,$-230,$-1,$3,$3,$0,$-5,$-3,$8,$9,$0
28,2011-09-30,38.04,$17.04,2.23,$13.56,2.81,$-7.86,0.0,$3.05,12.47,$1.58B,$1.71B,0.92,$0.10B,$0.66B,0.14,$0.53B,$0.41B,77.08%,$0.53B,$0.22B,40.72%,$0.53B,$0.22B,41.48%,$0.53B,$0.27B,50.76%,$0.53B,$0.19B,35.42%,$0.53B,$0.12B,22.73%,$0.12B,$0.66B,19.65%,$0.12B,$0.01B,-211.45%,$0.12B,$2.47B,5.04%,$0.22B,$0.76B,30.35%,$152,$37,$115,$0,$27,$87,$65,$9,$74,$26,$48,$48,$48,$79,$67,$39,39,$1.24,$1.23,$62,$0,$0,$1582,$63,$0,$650,$35,$892,$2474,$1713,$95,$6,$101,$1814,$0,$601,$17,$660,$2474,$101,$35,$35,$70,$-384,$0,$148,$-9,$-246,$-74,$-20,$0,$-4,$-8,$0,$-8,$0,$-32,$300,$-167,$133,$3,$3,$0,$-5,$131,$24,$7,$0
29,2011-06-30,52.07,$16.53,3.15,$12.24,4.25,$-5.84,0.0,$2.35,22.16,$1.63B,$1.80B,0.9,$0.10B,$0.64B,0.15,$0.48B,$0.37B,76.89%,$0.48B,$0.19B,39.08%,$0.48B,$0.19B,39.71%,$0.48B,$0.23B,49.16%,$0.48B,$0.15B,31.72%,$0.48B,$0.09B,19.54%,$0.09B,$0.64B,16.14%,$0.09B,$-0.04B,-101.36%,$0.09B,$2.56B,4.07%,$0.19B,$0.74B,27.51%,$141,$32,$109,$0,$26,$80,$61,$3,$64,$23,$41,$41,$41,$72,$61,$39,39,$1.05,$1.04,$68,$0,$0,$1625,$62,$0,$680,$37,$938,$2563,$1804,$96,$24,$120,$1924,$0,$552,$46,$639,$2563,$53,$23,$29,$52,$-409,$0,$197,$-9,$-213,$-109,$-12,$0,$-4,$-1,$0,$-1,$0,$-18,$311,$-143,$168,$3,$3,$0,$-5,$166,$39,$5,$0
30,2011-03-31,51.84,$15.12,3.43,$10.95,4.73,$-3.50,0.0,$2.08,24.92,$1.47B,$1.67B,0.88,$0.10B,$0.59B,0.17,$0.43B,$0.33B,77.46%,$0.43B,$0.16B,38.50%,$0.43B,$0.17B,39.67%,$0.43B,$0.21B,49.06%,$0.43B,$0.14B,31.69%,$0.43B,$0.08B,19.25%,$0.08B,$0.59B,15.19%,$0.08B,$-0.09B,-182.22%,$0.08B,$2.40B,3.99%,$0.16B,$0.69B,25.57%,$120,$27,$93,$0,$26,$74,$46,$-27,$19,$7,$12,$12,$12,$60,$47,$39,39,$0.31,$0.31,$47,$0,$0,$1465,$61,$0,$678,$29,$932,$2397,$1674,$100,$38,$138,$1812,$0,$512,$35,$585,$2397,$12,$12,$29,$41,$-262,$0,$172,$-3,$-98,$-45,$-6,$0,$-8,$-2,$0,$-2,$0,$-16,$69,$6,$74,$1,$1,$0,$3,$78,$18,$2,$0
31,2010-12-31,46.0,$14.54,3.16,$10.01,4.6,$-2.20,0.0,$2.25,20.44,$1.19B,$1.42B,0.84,$0.10B,$0.56B,0.18,$0.39B,$0.30B,77.44%,$0.39B,$0.15B,38.46%,$0.39B,$0.16B,40.00%,$0.39B,$0.19B,48.46%,$0.39B,$0.15B,37.44%,$0.39B,$0.09B,22.82%,$0.09B,$0.56B,17.40%,$0.09B,$-0.10B,988.89%,$0.09B,$2.10B,4.82%,$0.15B,$0.66B,24.38%,$115,$25,$90,$0,$41,$72,$43,$-13,$30,$11,$18,$18,$19,$57,$44,$38,39,$0.49,$0.47,$27,$0,$0,$1188,$61,$0,$662,$26,$910,$2098,$1421,$100,$18,$118,$1539,$0,$500,$28,$559,$2098,$88,$32,$66,$97,$-236,$0,$42,$1,$-196,$-11,$-29,$0,$-340,$2,$0,$2,$0,$-367,$169,$204,$374,$-17,$-17,$0,$-1,$356,$-21,$7,$0
32,2010-09-30,35.71,$13.62,2.62,$9.17,3.89,$-2.48,0.0,$2.09,17.09,$1.18B,$1.44B,0.82,$0.10B,$0.52B,0.2,$0.36B,$0.28B,77.93%,$0.36B,$0.14B,38.27%,$0.36B,$0.14B,40.22%,$0.36B,$0.17B,47.49%,$0.36B,$0.14B,38.27%,$0.36B,$0.08B,22.91%,$0.08B,$0.52B,17.01%,$0.08B,$-0.13B,142.61%,$0.08B,$2.08B,4.84%,$0.14B,$0.63B,23.31%,$100,$26,$74,$0,$24,$64,$36,$2,$38,$17,$21,$21,$21,$45,$37,$38,39,$0.54,$0.53,$35,$0,$0,$1182,$55,$0,$653,$28,$896,$2078,$1444,$102,$9,$111,$1555,$0,$481,$13,$522,$2078,$69,$19,$44,$63,$-216,$0,$84,$-3,$-127,$5,$-20,$0,$-340,$1,$0,$1,$0,$-359,$358,$0,$358,$-16,$-16,$0,$-1,$341,$-13,$5,$0
33,2010-06-30,29.7,$12.77,2.33,$8.77,3.39,$-4.09,0.0,$2.16,13.75,$1.06B,$1.04B,1.01,$0.10B,$0.49B,0.21,$0.34B,$0.27B,79.36%,$0.34B,$0.14B,39.83%,$0.34B,$0.15B,42.15%,$0.34B,$0.17B,49.13%,$0.34B,$0.14B,40.12%,$0.34B,$0.08B,24.42%,$0.08B,$0.49B,18.32%,$0.08B,$0.15B,76.89%,$0.08B,$1.64B,5.37%,$0.14B,$0.60B,24.19%,$91,$18,$73,$0,$20,$52,$39,$9,$48,$18,$30,$30,$30,$47,$41,$39,39,$0.77,$0.77,$29,$0,$0,$1055,$49,$0,$347,$19,$584,$1639,$1040,$104,$2,$106,$1146,$0,$461,$-1,$493,$1639,$49,$12,$27,$40,$-191,$0,$94,$1,$-105,$-17,$-13,$0,$0,$1,$0,$1,$0,$-12,$49,$-37,$13,$-10,$-10,$0,$1,$3,$-26,$3,$0
34,2010-03-31,30.12,$12.14,2.48,$8.40,3.58,$-5.67,0.0,$3.75,8.03,$0.97B,$0.98B,1.0,$0.11B,$0.47B,0.23,$0.33B,$0.26B,79.76%,$0.33B,$0.13B,39.27%,$0.33B,$0.14B,41.99%,$0.33B,$0.16B,48.94%,$0.33B,$0.24B,72.21%,$0.33B,$0.15B,44.41%,$0.15B,$0.47B,33.64%,$0.15B,$0.12B,170.43%,$0.15B,$1.57B,9.50%,$0.13B,$0.58B,23.78%,$84,$19,$65,$0,$20,$52,$32,$-3,$30,$11,$19,$19,$19,$40,$34,$38,39,$0.48,$0.48,$25,$0,$0,$974,$47,$0,$349,$18,$590,$1565,$980,$108,$6,$113,$1093,$0,$431,$-1,$472,$1565,$19,$6,$21,$27,$-111,$0,$75,$3,$-40,$6,$-7,$0,$0,$1,$0,$1,$0,$-6,$-12,$-16,$-28,$0,$0,$0,$1,$-27,$-27,$2,$0
35,2009-12-31,31.86,$11.55,2.76,$8.01,3.98,$-4.04,0.0,$3.55,8.97,$0.90B,$0.94B,0.96,$0.11B,$0.44B,0.24,$0.32B,$0.25B,80.00%,$0.32B,$0.12B,37.14%,$0.32B,$0.13B,40.63%,$0.32B,$0.15B,47.94%,$0.32B,$0.23B,71.75%,$0.32B,$0.14B,44.13%,$0.14B,$0.44B,35.12%,$0.14B,$0.09B,317.71%,$0.14B,$1.50B,9.18%,$0.12B,$0.55B,21.04%,$83,$16,$67,$0,$34,$53,$30,$-10,$21,$8,$12,$12,$12,$38,$32,$38,39,$0.32,$0.31,$56,$0,$0,$900,$45,$0,$350,$21,$599,$1500,$939,$108,$2,$120,$1058,$0,$412,$-0,$441,$1500,$140,$23,$127,$150,$-160,$0,$34,$-6,$-186,$-33,$-18,$0,$0,$2,$0,$2,$0,$-16,$-45,$-43,$-88,$-6,$-6,$0,$-1,$-95,$-144,$6,$0
36,2009-09-30,29.51,$11.23,2.63,$7.80,3.79,$5.37,5.49,$4.90,6.02,$0.96B,$1.01B,0.95,$0.11B,$0.43B,0.26,$0.31B,$0.24B,77.52%,$0.31B,$0.11B,34.53%,$0.31B,$0.12B,38.11%,$0.31B,$0.14B,45.60%,$0.31B,$0.31B,100.65%,$0.31B,$0.19B,62.54%,$0.19B,$0.43B,53.44%,$0.19B,$0.08B,3200.00%,$0.19B,$1.56B,12.45%,$0.11B,$0.54B,18.60%,$86,$18,$68,$0,$19,$49,$36,$2,$39,$15,$23,$23,$23,$44,$38,$38,39,$0.61,$0.60,$47,$0,$0,$958,$45,$0,$351,$18,$597,$1556,$1006,$110,$2,$122,$1128,$0,$400,$-0,$428,$1556,$128,$16,$-34,$-17,$-222,$0,$100,$-3,$-176,$-66,$-13,$0,$0,$2,$0,$2,$0,$-11,$-78,$-5,$-83,$-7,$-7,$0,$0,$-90,$-167,$4,$0
37,2009-06-30,25.47,$10.63,2.4,$8.35,3.05,$7.19,3.54,$6.12,4.16,$0.96B,$1.04B,0.93,$0.11B,$0.41B,0.28,$0.33B,$0.26B,78.79%,$0.33B,$0.12B,37.58%,$0.33B,$0.14B,43.33%,$0.33B,$0.17B,50.00%,$0.33B,$0.38B,114.55%,$0.33B,$0.24B,73.03%,$0.24B,$0.41B,77.31%,$0.24B,$0.05B,-563.74%,$0.24B,$1.57B,14.26%,$0.12B,$0.52B,21.63%,$78,$14,$64,$0,$18,$46,$32,$116,$149,$55,$93,$93,$93,$40,$35,$38,40,$2.43,$2.36,$56,$0,$0,$963,$45,$0,$352,$19,$604,$1568,$1037,$112,$1,$124,$1161,$0,$377,$-1,$407,$1568,$104,$11,$-46,$-35,$-208,$0,$117,$-4,$-153,$-84,$-9,$0,$0,$2,$0,$2,$-0,$-7,$-86,$21,$-65,$-3,$-3,$0,$0,$-67,$-159,$3,$0
38,2009-03-31,18.22,$8.00,2.28,$9.24,1.97,$5.79,3.15,$3.13,5.82,$0.78B,$0.81B,0.97,$0.31B,$0.31B,1.01,$0.36B,$0.29B,78.51%,$0.36B,$0.14B,39.39%,$0.36B,$0.17B,46.28%,$0.36B,$0.19B,52.34%,$0.36B,$0.19B,52.34%,$0.36B,$0.12B,34.16%,$0.12B,$0.31B,49.30%,$0.12B,$-0.05B,-121.87%,$0.12B,$1.44B,6.57%,$0.14B,$0.62B,25.41%,$68,$16,$53,$0,$18,$49,$19,$-2,$17,$6,$11,$11,$11,$29,$23,$38,39,$0.29,$0.28,$78,$0,$0,$779,$45,$0,$354,$19,$656,$1435,$807,$310,$1,$321,$1128,$0,$283,$-1,$307,$1435,$11,$5,$14,$19,$-1,$0,$42,$-4,$38,$67,$-4,$0,$0,$0,$0,$0,$-0,$-4,$-189,$-34,$-223,$-0,$-0,$0,$0,$-224,$-160,$1,$0
39,2008-12-31,12.6,$7.70,1.64,$9.80,1.29,$4.30,2.93,$3.21,3.93,$0.96B,$1.00B,0.96,$0.31B,$0.30B,1.05,$0.39B,$0.31B,78.61%,$0.39B,$0.16B,41.49%,$0.39B,$0.19B,49.23%,$0.39B,$0.21B,54.38%,$0.39B,$0.20B,50.52%,$0.39B,$0.13B,32.99%,$0.13B,$0.30B,57.66%,$0.13B,$-0.06B,-98.46%,$0.13B,$1.61B,6.31%,$0.16B,$0.60B,30.07%,$75,$23,$53,$0,$31,$56,$19,$84,$104,$38,$65,$65,$65,$27,$21,$39,40,$1.68,$1.67,$245,$0,$0,$955,$45,$0,$355,$17,$657,$1612,$995,$309,$3,$322,$1317,$0,$272,$-2,$295,$1612,$128,$21,$3,$24,$362,$0,$-156,$-2,$188,$339,$-16,$-0,$-42,$-3,$0,$-3,$0,$-61,$-67,$-29,$-96,$-39,$-39,$0,$-4,$-138,$140,$5,$0
40,2008-09-30,29.85,$6.15,4.86,$10.13,2.95,$-6.48,0.0,$1.66,17.98,$1.45B,$1.54B,0.94,$0.32B,$0.24B,1.32,$0.40B,$0.33B,80.94%,$0.40B,$0.18B,45.05%,$0.40B,$0.24B,58.66%,$0.40B,$0.26B,63.12%,$0.40B,$0.10B,24.75%,$0.40B,$0.07B,16.83%,$0.07B,$0.24B,34.13%,$0.07B,$-0.12B,-47.64%,$0.07B,$2.15B,3.28%,$0.18B,$0.55B,35.31%,$109,$19,$90,$0,$15,$54,$54,$54,$108,$36,$72,$72,$72,$69,$64,$39,40,$1.86,$1.82,$71,$0,$0,$1445,$47,$0,$357,$20,$700,$2145,$1542,$315,$40,$365,$1907,$0,$207,$-1,$238,$2145,$62,$15,$35,$50,$-294,$0,$194,$-5,$-109,$4,$-12,$-0,$-42,$-3,$0,$-3,$0,$-57,$90,$13,$103,$-33,$-33,$0,$-1,$68,$15,$4,$0
41,2008-06-30,24.8,$4.28,5.79,$9.53,2.6,$-8.03,0.0,$0.39,63.59,$1.64B,$1.75B,0.94,$0.31B,$0.17B,1.87,$0.38B,$0.31B,81.98%,$0.38B,$0.17B,44.65%,$0.38B,$0.21B,54.05%,$0.38B,$0.22B,58.49%,$0.38B,$0.03B,7.05%,$0.38B,$0.02B,4.70%,$0.02B,$0.17B,9.39%,$0.02B,$-0.18B,-12.83%,$0.02B,$2.36B,0.90%,$0.17B,$0.48B,32.29%,$111,$22,$89,$0,$18,$60,$51,$-90,$-39,$-15,$-24,$-24,$-24,$65,$60,$39,39,$-0.63,$-0.63,$58,$0,$0,$1641,$47,$0,$348,$19,$715,$2355,$1746,$310,$123,$443,$2189,$0,$135,$-2,$166,$2355,$-10,$10,$84,$93,$-494,$0,$287,$-3,$-220,$-137,$-9,$0,$-32,$-1,$0,$-1,$0,$-41,$195,$20,$215,$-31,$-31,$0,$-1,$182,$5,$3,$0
42,2008-03-31,30.73,$4.87,6.32,$8.76,3.51,$-8.23,0.0,$1.47,20.9,$1.32B,$1.44B,0.92,$0.32B,$0.19B,1.69,$0.36B,$0.30B,84.08%,$0.36B,$0.16B,45.53%,$0.36B,$0.20B,55.59%,$0.36B,$0.21B,59.78%,$0.36B,$0.17B,48.32%,$0.36B,$0.06B,16.20%,$0.06B,$0.19B,29.18%,$0.06B,$-0.16B,-50.33%,$0.06B,$2.01B,3.08%,$0.16B,$0.51B,29.08%,$93,$20,$73,$0,$17,$56,$37,$-14,$23,$9,$15,$15,$15,$50,$46,$39,40,$0.37,$0.36,$66,$0,$0,$1317,$46,$0,$349,$15,$689,$2006,$1439,$320,$49,$378,$1818,$0,$159,$-3,$189,$2006,$15,$5,$20,$25,$-151,$0,$125,$-1,$-30,$10,$-4,$0,$-32,$0,$0,$0,$-0,$-35,$23,$48,$70,$-30,$-30,$0,$0,$40,$14,$1,$0
43,2007-12-31,35.49,$5.15,6.88,$8.20,4.33,$-9.28,0.0,$1.31,27.09,$1.13B,$1.21B,0.93,$0.32B,$0.20B,1.56,$0.34B,$0.29B,84.87%,$0.34B,$0.15B,45.40%,$0.34B,$0.19B,55.49%,$0.34B,$0.20B,59.94%,$0.34B,$0.16B,48.37%,$0.34B,$0.05B,15.13%,$0.05B,$0.20B,25.99%,$0.05B,$-0.11B,-51.39%,$0.05B,$1.79B,2.85%,$0.15B,$0.52B,24.99%,$91,$16,$75,$0,$29,$51,$40,$-32,$8,$3,$5,$5,$5,$71,$67,$40,41,$0.11,$0.12,$53,$0,$0,$1126,$46,$0,$315,$15,$659,$1785,$1205,$320,$46,$376,$1581,$0,$145,$-1,$204,$1785,$52,$16,$159,$175,$-286,$0,$66,$-2,$-318,$-92,$-17,$0,$-41,$-1,$0,$-1,$-2,$-61,$16,$179,$195,$-34,$-34,$0,$-0,$161,$8,$5,$0
44,2007-09-30,36.49,$5.23,6.98,$7.68,4.75,$-5.46,0.0,$1.66,21.98,$1.12B,$1.21B,0.92,$0.40B,$0.21B,1.93,$0.32B,$0.27B,84.54%,$0.32B,$0.14B,44.79%,$0.32B,$0.15B,48.58%,$0.32B,$0.17B,53.31%,$0.32B,$0.19B,58.68%,$0.32B,$0.07B,20.50%,$0.07B,$0.21B,34.03%,$0.07B,$-0.11B,-68.78%,$0.07B,$1.86B,3.75%,$0.14B,$0.61B,21.39%,$88,$10,$77,$0,$16,$45,$43,$-8,$35,$13,$22,$22,$22,$38,$34,$40,41,$0.56,$0.55,$54,$0,$0,$1119,$45,$0,$316,$16,$737,$1856,$1213,$401,$23,$434,$1648,$0,$142,$-1,$208,$1856,$47,$11,$129,$140,$-275,$0,$122,$-3,$-246,$-59,$-12,$0,$-40,$-0,$0,$-0,$0,$-53,$-36,$187,$151,$-27,$-27,$0,$-0,$123,$11,$3,$0
45,2007-06-30,34.27,$4.84,7.07,$7.46,4.59,$-4.49,0.0,$1.94,17.66,$1.18B,$1.25B,0.94,$0.41B,$0.19B,2.1,$0.31B,$0.26B,83.82%,$0.31B,$0.14B,44.66%,$0.31B,$0.17B,53.72%,$0.31B,$0.18B,58.25%,$0.31B,$0.21B,66.34%,$0.31B,$0.08B,24.92%,$0.08B,$0.19B,42.96%,$0.08B,$-0.08B,-80.21%,$0.08B,$1.88B,4.63%,$0.14B,$0.60B,19.95%,$86,$10,$76,$0,$16,$43,$43,$65,$107,$91,$16,$16,$16,$55,$52,$40,41,$0.41,$0.40,$40,$0,$0,$1175,$45,$0,$275,$18,$704,$1879,$1245,$407,$23,$441,$1685,$0,$120,$-0,$194,$1879,$25,$7,$120,$128,$-341,$0,$136,$-2,$-306,$-153,$-9,$0,$0,$0,$0,$0,$0,$-8,$34,$145,$179,$-18,$-18,$0,$-1,$159,$-2,$2,$0
46,2007-03-31,30.33,$4.41,6.88,$7.22,4.2,$-2.23,0.0,$1.73,17.53,$0.94B,$0.90B,1.05,$0.54B,$0.18B,3.0,$0.30B,$0.25B,83.61%,$0.30B,$0.13B,44.82%,$0.30B,$0.16B,53.18%,$0.30B,$0.17B,57.86%,$0.30B,$0.11B,37.46%,$0.30B,$0.07B,23.75%,$0.07B,$0.18B,45.73%,$0.07B,$-0.10B,-83.28%,$0.07B,$1.64B,4.45%,$0.13B,$0.72B,18.94%,$72,$14,$58,$0,$16,$45,$27,$-14,$13,$5,$8,$8,$8,$38,$34,$40,41,$0.21,$0.20,$28,$0,$0,$940,$44,$0,$275,$14,$704,$1644,$899,$536,$20,$566,$1465,$0,$102,$-0,$179,$1644,$8,$4,$24,$27,$-116,$0,$56,$0,$-69,$-34,$-4,$0,$0,$0,$0,$0,$0,$-4,$11,$25,$36,$-13,$-13,$0,$0,$23,$-15,$1,$0
47,2006-12-31,31.17,$4.53,6.88,$7.05,4.42,$-1.05,0.0,$1.81,17.22,$0.85B,$0.80B,1.05,$0.55B,$0.18B,2.99,$0.29B,$0.25B,84.25%,$0.29B,$0.14B,46.58%,$0.29B,$0.16B,54.45%,$0.29B,$0.17B,58.56%,$0.29B,$0.12B,40.07%,$0.29B,$0.07B,25.34%,$0.07B,$0.18B,55.95%,$0.07B,$-0.09B,-100.00%,$0.07B,$1.55B,4.78%,$0.14B,$0.73B,19.51%,$71,$14,$57,$0,$25,$42,$29,$2,$31,$12,$19,$19,$19,$38,$34,$40,42,$0.48,$0.46,$43,$0,$0,$845,$40,$0,$275,$13,$706,$1551,$804,$548,$6,$564,$1368,$0,$93,$0,$183,$1551,$75,$12,$21,$33,$-80,$0,$43,$-3,$-47,$60,$-12,$0,$0,$13,$2,$15,$-87,$-84,$44,$-33,$11,$2,$2,$0,$0,$14,$-10,$4,$0
