,Date,Stock Price,Book Value per Share,Price to Book Ratio,TTM Sales per Share,Price to Sales Ratio,TTM FCF per Share,Price to FCF Ratio,TTM Net EPS,PE Ratio,Current Assets,Current Liabilities,Current Ratio,Long Term Debt,Shareholder's Equity_x,Debt to Equity Ratio,TTM Revenue_x,TTM Gross Profit,Gross Margin,TTM Revenue_y,TTM Operating Income,Operating Margin,TTM Revenue_x,TTM EBIT,EBIT Margin,TTM Revenue_y,TTM EBITDA,EBITDA Margin,TTM Revenue_x,TTM Pre-Tax Income,Pre-Tax Margin,TTM Revenue_y,TTM Net Income_x,Net Margin,TTM Net Income_y,Shareholder's Equity_y,Return on Equity,TTM Net Income_x,Tangible Equity,Return on Tangible Equity,TTM Net Income_y,Total Assets,Return on Assets,TTM Net Income,LT Investments & Debt,Return on Investment,revenue,cost-goods-sold,gross-profit,research-development-expenses,selling-general-administrative-expenses,operating-expenses,operating-income,total-non-operating-income-expense,pre-tax-income,total-provision-income-taxes,income-after-taxes,income-from-continuous-operations,net-income,ebitda,ebit,basic-shares-outstanding,shares-outstanding,eps-basic-net-earnings-per-share,eps-earnings-per-share-diluted,cash-on-hand,inventory,other-current-assets,total-current-assets,net-property-plant-equipment,long-term-investments,goodwill-intangible-assets-total,other-long-term-assets,total-long-term-assets,total-assets,total-current-liabilities,long-term-debt,other-non-current-liabilities,total-long-term-liabilities,total-liabilities,common-stock-net,retained-earnings-accumulated-deficit,comprehensive-income,total-share-holder-equity,total-liabilities-share-holders-equity,net-income-loss,total-depreciation-amortization-cash-flow,other-non-cash-items,total-non-cash-items,change-in-accounts-receivable,change-in-inventories,change-in-accounts-payable,change-in-assets-liabilities,total-change-in-assets-liabilities,cash-flow-from-operating-activities,net-change-in-property-plant-equipment,net-change-in-intangible-assets,net-acquisitions-divestitures,net-change-in-short-term-investments,net-change-in-long-term-investments,net-change-in-investments-total,investing-activities-other,cash-flow-from-investing-activities,net-long-term-debt,net-current-debt,debt-issuance-retirement-net-total,net-common-equity-issued-repurchased,net-total-equity-issued-repurchased,total-common-preferred-stock-dividends-paid,financial-activities-other,cash-flow-from-financial-activities,net-cash-flow,stock-based-compensation,common-stock-dividends-paid
0,2018-09-30,52.56,$42.38,1.24,$20.44,2.57,$14.12,3.72,$4.39,11.97,$1261.45B,$1443.39B,0.87,$221.32B,$176.20B,1.26,$100.50B,$87.48B,87.04%,$100.50B,$26.02B,25.89%,$100.50B,0,0.00%,$100.50B,0,0.00%,$100.50B,$26.02B,25.89%,$100.50B,$20.72B,20.62%,$20.72B,$199.68B,10.11%,$20.72B,$155.86B,12.79%,$20.72B,$1872.98B,1.09%,$26.02B,$421.00B,6.08%,$25733,$3792,$21941,$0,$14079,$18135,$7598,$0,$7598,$1512,$6086,$6086,$5453,$0,$0,$4784,4823,$1.14,$1.13,$308182,$0,$0,$1261451,$8802,$468850,$43819,$90059,$611530,$1872981,$1443393,$221323,$8586,$229909,$1673302,$9136,$154576,$-6873,$199679,$1872981,$16722,$4222,$-5954,$-1732,$-29822,$24709,$0,$10053,$6049,$21039,$0,$0,$-10,$-4448,$3006,$-1442,$11943,$10491,$1978,$2195,$4173,$-14936,$-14936,$-6941,$-70250,$-87954,$-56424,$1859,$-5730
1,2018-06-30,55.04,$42.50,1.3,$20.00,2.75,$13.43,4.1,$4.10,13.42,$1268.22B,$1445.84B,0.88,$219.28B,$180.33B,1.22,$99.21B,$87.39B,88.08%,$99.21B,$25.20B,25.40%,$99.21B,0,0.00%,$99.21B,0,0.00%,$99.21B,$25.20B,25.40%,$99.21B,$19.40B,19.55%,$19.40B,$206.07B,9.38%,$19.40B,$162.82B,11.79%,$19.40B,$1879.70B,1.01%,$25.20B,$425.35B,5.80%,$25027,$3474,$21553,$0,$14169,$17908,$7119,$0,$7119,$1810,$5309,$5309,$4792,$0,$0,$4866,4900,$0.98,$0.98,$309235,$0,$0,$1268224,$8882,$467398,$43247,$91949,$611476,$1879700,$1445840,$219284,$8507,$227791,$1673631,$9136,$150803,$-5461,$206069,$1879700,$10636,$2835,$-4025,$-1190,$-20461,$16371,$0,$8505,$4935,$14381,$0,$0,$0,$-1161,$3205,$2044,$8667,$10711,$-997,$1240,$243,$-5506,$-5506,$-4594,$-67733,$-77590,$-52498,$1286,$-3722
2,2018-03-31,51.64,$42.25,1.22,$19.75,2.61,$12.24,4.22,$4.19,12.32,$1294.27B,$1474.29B,0.88,$227.30B,$179.68B,1.27,$98.64B,$88.07B,89.28%,$98.64B,$26.22B,26.58%,$98.64B,0,0.00%,$98.64B,0,0.00%,$98.64B,$26.22B,26.58%,$98.64B,$20.05B,20.33%,$20.05B,$205.91B,9.70%,$20.05B,$163.01B,12.15%,$20.05B,$1915.39B,1.04%,$26.22B,$433.21B,5.97%,$25043,$3109,$21934,$0,$14968,$18342,$6701,$0,$6701,$1374,$5327,$5327,$4733,$0,$0,$4886,4931,$0.97,$0.96,$335811,$0,$0,$1294271,$8828,$472037,$42897,$97355,$621117,$1915388,$1474293,$227302,$7883,$235185,$1709478,$9136,$147928,$-4921,$205910,$1915388,$5327,$1431,$-842,$589,$-7826,$10861,$0,$2523,$9314,$15230,$0,$0,$0,$4566,$-822,$3744,$6417,$10161,$3892,$-5165,$-1273,$-2647,$-2647,$-2285,$-32738,$-38943,$-13552,$792,$-1867
3,2017-12-31,59.42,$42.54,1.4,$19.43,3.06,$11.74,5.06,$4.07,14.6,$1320.56B,$1509.86B,0.88,$225.02B,$182.72B,1.23,$97.74B,$88.39B,90.43%,$97.74B,$27.38B,28.01%,$97.74B,0,0.00%,$97.74B,0,0.00%,$97.74B,$27.38B,28.01%,$97.74B,$20.55B,21.03%,$20.55B,$208.08B,9.98%,$20.55B,$166.44B,12.48%,$20.55B,$1951.76B,1.06%,$27.38B,$433.10B,6.14%,$24695,$2645,$22050,$0,$17163,$20096,$4599,$0,$4599,$-1642,$6241,$6241,$5740,$0,$0,$4965,5017,$1.17,$1.16,$353596,$0,$0,$1320563,$8847,$478239,$41636,$102472,$631194,$1951757,$1509862,$225020,$8796,$233816,$1743678,$9136,$145263,$-2144,$208079,$1951757,$22460,$5406,$4267,$9673,$-46267,$33332,$0,$-5313,$-13411,$18722,$0,$0,$-320,$-13490,$-3615,$-17105,$12261,$-5164,$-37227,$14020,$-23207,$-9090,$-8413,$-9109,$29809,$-10920,$2638,$2046,$-7480
4,2017-09-30,53.64,$41.97,1.28,$19.06,2.81,$8.20,6.54,$3.87,13.86,$1341.68B,$1479.73B,0.91,$238.89B,$181.25B,1.32,$96.28B,$87.92B,91.31%,$96.28B,$30.34B,31.51%,$96.28B,0,0.00%,$96.28B,0,0.00%,$96.28B,$30.34B,31.51%,$96.28B,$19.69B,20.45%,$19.69B,$206.82B,9.65%,$19.69B,$165.50B,12.09%,$19.69B,$1934.94B,1.02%,$30.34B,$445.72B,6.72%,$24444,$2595,$21849,$0,$14780,$17663,$6781,$0,$6781,$2181,$4600,$4600,$4131,$0,$0,$4949,4997,$0.83,$0.83,$380715,$0,$0,$1341676,$8449,$414633,$41325,$128856,$593263,$1934939,$1479725,$238893,$9497,$248390,$1728115,$9136,$141761,$-1627,$206824,$1934939,$16219,$3794,$6332,$10126,$-37097,$28572,$0,$-1862,$-8001,$18344,$0,$0,$-23,$-8562,$7156,$-1406,$16213,$14784,$-21745,$4655,$-17090,$-6158,$-5481,$-6831,$85,$-29317,$3811,$1595,$-5605
5,2017-06-30,53.51,$41.50,1.29,$18.85,2.84,$3.78,14.17,$4.06,13.18,$1339.87B,$1474.22B,0.91,$238.87B,$180.36B,1.32,$95.70B,$88.40B,92.37%,$95.70B,$31.81B,33.24%,$95.70B,0,0.00%,$95.70B,0,0.00%,$95.70B,$31.81B,33.24%,$95.70B,$20.80B,21.73%,$20.80B,$206.15B,10.23%,$20.80B,$165.38B,12.77%,$20.80B,$1930.87B,1.07%,$31.81B,$445.01B,7.00%,$24458,$2223,$22235,$0,$13809,$16319,$8139,$0,$8139,$2245,$5894,$5894,$5450,$0,$0,$4990,5038,$1.09,$1.08,$368561,$0,$0,$1339874,$8403,$409594,$40761,$132239,$590997,$1930871,$1474221,$238869,$11636,$250505,$1724726,$9136,$139524,$-2110,$206145,$1930871,$11619,$2478,$4260,$6738,$-33014,$25002,$0,$-896,$-9545,$8812,$0,$0,$-3,$-10103,$7387,$-2716,$10851,$8132,$-19825,$6114,$-13711,$-3740,$-3063,$-4522,$-743,$-22039,$-5095,$1186,$-3715
6,2017-03-31,53.38,$40.52,1.32,$18.60,2.87,$1.75,30.51,$4.00,13.34,$1374.08B,$1480.15B,0.93,$256.47B,$176.99B,1.45,$94.82B,$88.33B,93.15%,$94.82B,$31.90B,33.64%,$94.82B,0,0.00%,$94.82B,0,0.00%,$94.82B,$31.90B,33.64%,$94.82B,$20.52B,21.64%,$20.52B,$202.49B,10.14%,$20.52B,$161.21B,12.63%,$20.52B,$1951.56B,1.06%,$31.90B,$458.96B,7.01%,$24144,$1889,$22255,$0,$14108,$16286,$7858,$0,$7858,$2133,$5725,$5725,$5233,$0,$0,$5009,5070,$1.05,$1.03,$408771,$0,$0,$1374083,$8320,$407560,$41276,$120325,$577481,$1951564,$1480146,$256468,$12461,$268929,$1749075,$9136,$136032,$-3178,$202489,$1951564,$5725,$1237,$1194,$2431,$-12193,$14628,$0,$2917,$4982,$13138,$0,$0,$-46,$-12395,$1849,$-10546,$8693,$-1899,$1038,$-1064,$-26,$-1603,$-1603,$-2267,$18947,$15051,$26290,$740,$-1859
7,2016-12-31,52.5,$39.97,1.31,$18.41,2.85,$0.31,169.94,$3.99,13.16,$1343.74B,$1460.05B,0.92,$255.08B,$175.95B,1.45,$94.18B,$88.27B,93.73%,$94.18B,$32.12B,34.11%,$94.18B,0,0.00%,$94.18B,0,0.00%,$94.18B,$32.12B,34.11%,$94.18B,$20.37B,21.63%,$20.37B,$200.50B,10.12%,$20.37B,$159.44B,12.58%,$20.37B,$1930.12B,1.07%,$32.12B,$455.57B,7.19%,$23238,$1656,$21582,$0,$13719,$15676,$7562,$0,$7562,$2258,$5304,$5304,$4872,$0,$0,$5053,5108,$0.97,$0.96,$361164,$0,$0,$1343738,$8333,$407947,$41058,$129039,$586377,$1930115,$1460049,$255077,$14492,$269569,$1729618,$9136,$133075,$-3137,$200497,$1930115,$22045,$4970,$1422,$6392,$-77826,$62550,$0,$-12004,$-27491,$946,$0,$0,$-30584,$3991,$-66268,$-62277,$-29258,$-122119,$55649,$-1198,$54451,$-7195,$-5094,$-9038,$82472,$122791,$1618,$1945,$-7472
8,2016-09-30,41.83,$40.60,1.03,$18.21,2.3,$3.18,13.17,$4.06,10.3,$1380.91B,$1483.33B,0.93,$254.84B,$179.36B,1.42,$93.58B,$88.27B,94.33%,$93.58B,$32.71B,34.96%,$93.58B,0,0.00%,$93.58B,0,0.00%,$93.58B,$32.71B,34.96%,$93.58B,$20.70B,22.12%,$20.70B,$203.96B,10.36%,$20.70B,$165.48B,12.88%,$20.70B,$1942.12B,1.11%,$32.71B,$458.79B,7.58%,$23863,$1535,$22328,$0,$13774,$15608,$8255,$0,$8255,$2601,$5654,$5654,$5243,$0,$0,$5043,5095,$1.04,$1.03,$403558,$0,$0,$1380907,$8322,$390832,$38476,$123587,$561217,$1942124,$1483331,$254835,$0,$254835,$1738166,$9136,$130288,$2184,$203958,$1942124,$16741,$3598,$4443,$8041,$-52145,$30774,$0,$-8731,$-28600,$-3818,$0,$0,$-29797,$-28296,$-30981,$-59277,$-20114,$-109188,$44172,$26882,$71054,$-5058,$-2957,$-6782,$51867,$113182,$176,$1474,$-5609
9,2016-06-30,44.35,$40.14,1.1,$17.93,2.47,$7.74,5.73,$4.08,10.87,$1365.66B,$1442.65B,0.95,$243.93B,$177.83B,1.37,$92.58B,$87.82B,94.86%,$92.58B,$33.23B,35.90%,$92.58B,0,0.00%,$92.58B,0,0.00%,$92.58B,$33.23B,35.90%,$92.58B,$20.90B,22.58%,$20.90B,$202.66B,10.60%,$20.90B,$163.95B,13.22%,$20.90B,$1889.24B,1.15%,$33.23B,$446.59B,8.08%,$23575,$1413,$22162,$0,$13641,$15353,$8222,$0,$8222,$2649,$5573,$5573,$5173,$0,$0,$5067,5118,$1.02,$1.01,$396021,$0,$0,$1365664,$8289,$353426,$38712,$123144,$523571,$1889235,$1442647,$243927,$0,$243927,$1686574,$9136,$127076,$2948,$202661,$1889235,$11087,$2233,$3821,$6054,$-25997,$16506,$0,$-8677,$-18562,$-1421,$0,$0,$-28987,$-25492,$1007,$-24485,$-16032,$-69504,$33833,$22730,$56563,$-3448,$-1347,$-4503,$21508,$72221,$1296,$1176,$-3739
10,2016-03-31,44.97,$39.11,1.15,$17.59,2.56,$8.18,5.5,$4.10,10.97,$1346.75B,$1422.79B,0.95,$227.89B,$174.45B,1.31,$91.28B,$86.97B,95.28%,$91.28B,$33.56B,36.77%,$91.28B,0,0.00%,$91.28B,0,0.00%,$91.28B,$33.56B,36.77%,$91.28B,$21.09B,23.11%,$21.09B,$198.50B,10.86%,$21.09B,$158.81B,13.61%,$21.09B,$1849.18B,1.19%,$33.56B,$426.39B,8.55%,$23500,$1305,$22195,$0,$13821,$15419,$8081,$0,$8081,$2567,$5514,$5514,$5085,$0,$0,$5076,5139,$1.00,$0.99,$392789,$0,$0,$1346747,$8349,$334899,$39695,$119492,$502435,$1849182,$1422790,$227888,$0,$227888,$1650678,$9136,$123891,$1774,$198504,$1849182,$5514,$1295,$2417,$3712,$-7509,$12234,$0,$-9027,$-3312,$5914,$0,$0,$-28904,$-30518,$14919,$-15599,$-5863,$-50366,$19411,$10175,$29586,$-1550,$-575,$-2244,$17658,$44425,$-27,$716,$-1858
11,2015-12-31,50.15,$38.08,1.32,$17.26,2.91,$7.51,6.68,$4.15,12.09,$1278.95B,$1380.29B,0.93,$199.54B,$171.68B,1.16,$90.03B,$86.06B,95.58%,$90.03B,$33.64B,37.37%,$90.03B,0,0.00%,$90.03B,0,0.00%,$90.03B,$33.64B,37.37%,$90.03B,$21.47B,23.85%,$21.47B,$193.89B,11.17%,$21.47B,$154.64B,14.03%,$21.47B,$1787.63B,1.23%,$33.64B,$393.43B,8.87%,$22641,$1055,$21586,$0,$13119,$14485,$8156,$0,$8156,$2533,$5623,$5623,$5203,$0,$0,$5137,5210,$1.02,$1.00,$354056,$0,$0,$1278952,$8704,$347555,$39252,$113169,$508680,$1787632,$1380285,$199536,$13920,$213456,$1593741,$9136,$120866,$297,$193891,$1787632,$23276,$3288,$-4361,$-1073,$-45093,$42754,$0,$-2457,$-6299,$15904,$0,$0,$-3,$-11866,$-39425,$-51291,$-55941,$-107235,$15697,$34010,$49707,$-7650,$-4678,$-8826,$54668,$90871,$-460,$1958,$-7400
12,2015-09-30,47.05,$37.98,1.24,$17.13,2.75,$7.75,6.07,$4.14,11.37,$1259.94B,$1371.95B,0.92,$185.27B,$171.62B,1.08,$89.84B,$85.91B,95.63%,$89.84B,$33.80B,37.62%,$89.84B,0,0.00%,$89.84B,0,0.00%,$89.84B,$33.80B,37.62%,$89.84B,$21.65B,24.10%,$21.65B,$194.04B,11.40%,$21.65B,$155.30B,14.36%,$21.65B,$1751.27B,1.26%,$33.80B,$379.32B,9.06%,$22863,$988,$21875,$0,$12791,$14090,$8773,$0,$8773,$2790,$5983,$5983,$5443,$0,$0,$5126,5194,$1.06,$1.05,$346100,$0,$0,$1259944,$8800,$345074,$38739,$98708,$491321,$1751265,$1371948,$185274,$0,$185274,$1557222,$9136,$117593,$2389,$194043,$1751265,$17653,$2396,$-3307,$-911,$-37785,$40300,$79,$-562,$3059,$19801,$0,$-96,$0,$3453,$-33610,$-30157,$-42180,$-72433,$391,$24551,$24942,$-5269,$-2297,$-6592,$34403,$50456,$-2176,$1525,$-5529
13,2015-06-30,51.2,$37.06,1.38,$16.91,3.03,$6.70,7.64,$4.11,12.46,$1234.94B,$1350.19B,0.92,$179.75B,$169.03B,1.06,$89.21B,$85.25B,95.56%,$89.21B,$33.62B,37.69%,$89.21B,0,0.00%,$89.21B,0,0.00%,$89.21B,$33.62B,37.69%,$89.21B,$21.61B,24.23%,$21.61B,$190.68B,11.54%,$21.61B,$151.05B,14.66%,$21.61B,$1720.62B,1.27%,$33.62B,$370.43B,9.08%,$22274,$956,$21318,$0,$12457,$13725,$8549,$0,$8549,$2763,$5786,$5786,$5363,$0,$0,$5152,5221,$1.04,$1.03,$332170,$0,$0,$1234943,$8692,$340769,$39628,$96585,$485674,$1720617,$1350190,$179751,$0,$179751,$1529941,$9136,$114093,$2068,$190676,$1720617,$11670,$1558,$-1902,$-344,$-26928,$19792,$186,$2284,$-10462,$864,$0,$-45,$0,$26044,$-27789,$-1745,$-26336,$-28126,$-4269,$19445,$15176,$-3574,$-1577,$-4346,$18125,$27378,$116,$1178,$-3647
14,2015-03-31,49.19,$36.79,1.34,$16.77,2.93,$6.46,7.62,$4.09,12.03,$1263.73B,$1364.48B,0.93,$183.29B,$167.97B,1.09,$89.01B,$85.00B,95.50%,$89.01B,$33.73B,37.89%,$89.01B,0,0.00%,$89.01B,0,0.00%,$89.01B,$33.73B,37.89%,$89.01B,$21.68B,24.35%,$21.68B,$189.96B,11.72%,$21.68B,$151.27B,14.96%,$21.68B,$1737.74B,1.30%,$33.73B,$373.26B,9.24%,$22255,$977,$21278,$0,$12803,$14092,$8163,$0,$8163,$2279,$5884,$5884,$5461,$0,$0,$5160,5244,$1.06,$1.04,$390388,$0,$0,$1263730,$8696,$324736,$38696,$101879,$474007,$1737737,$1364481,$183292,$0,$183292,$1547773,$9136,$110676,$3777,$189964,$1737737,$5884,$727,$-1774,$-1047,$-10679,$5777,$76,$-1328,$-2322,$2515,$0,$-21,$0,$-33026,$-9947,$-42973,$70,$-42924,$-354,$14174,$13820,$-1978,$19,$-2126,$28918,$40631,$222,$708,$-1762
15,2014-12-31,49.25,$35.83,1.37,$16.57,2.97,$6.51,7.56,$4.10,12.01,$1226.75B,$1317.95B,0.93,$183.94B,$166.05B,1.11,$88.37B,$84.35B,95.45%,$88.37B,$33.92B,38.38%,$88.37B,0,0.00%,$88.37B,0,0.00%,$88.37B,$33.92B,38.38%,$88.37B,$21.82B,24.69%,$21.82B,$185.26B,12.02%,$21.82B,$145.58B,15.50%,$21.82B,$1687.16B,1.35%,$33.92B,$369.21B,9.58%,$22446,$1003,$21443,$0,$12794,$14135,$8311,$0,$8311,$2519,$5792,$5792,$5382,$0,$0,$5237,5324,$1.04,$1.02,$356255,$0,$0,$1226745,$8743,$312925,$39685,$99057,$460410,$1687155,$1317950,$183943,$0,$183943,$1501893,$9136,$107040,$3518,$185262,$1687155,$23608,$2515,$1448,$3963,$-27662,$14242,$0,$-3400,$-10042,$17529,$0,$0,$-174,$-41778,$-43231,$-85009,$-43197,$-128380,$26325,$8035,$34360,$-7574,$-4799,$-8143,$89085,$110503,$-348,$1912,$-6908
16,2014-09-30,46.29,$35.09,1.32,$16.39,2.82,$13.95,3.32,$4.08,11.35,$1203.39B,$1269.28B,0.95,$184.59B,$163.61B,1.13,$87.62B,$83.57B,95.37%,$87.62B,$33.82B,38.60%,$87.62B,0,0.00%,$87.62B,0,0.00%,$87.62B,$33.82B,38.60%,$87.62B,$21.81B,24.89%,$21.81B,$182.99B,12.25%,$21.81B,$142.03B,15.98%,$21.81B,$1636.86B,1.38%,$33.82B,$367.58B,9.87%,$22236,$1023,$21213,$0,$12274,$13639,$8597,$0,$8597,$2642,$5955,$5955,$5408,$0,$0,$5226,5310,$1.04,$1.02,$347719,$0,$0,$1203391,$8768,$289009,$40960,$94727,$433464,$1636855,$1269279,$184586,$0,$184586,$1453865,$9136,$103494,$3118,$182990,$1636855,$17816,$1933,$1394,$3327,$-20135,$12246,$238,$-7182,$-6479,$14664,$0,$-119,$-174,$-45281,$-22370,$-67651,$-27331,$-95275,$28490,$7542,$36032,$-5093,$-2318,$-6062,$51072,$78724,$-1887,$1525,$-5134
17,2014-06-30,46.58,$34.58,1.35,$16.20,2.88,$19.22,2.42,$4.05,11.5,$1177.70B,$1249.45B,0.94,$167.88B,$162.80B,1.03,$86.89B,$82.83B,95.33%,$86.89B,$33.53B,38.58%,$86.89B,0,0.00%,$86.89B,0,0.00%,$86.89B,$33.53B,38.58%,$86.89B,$21.72B,24.99%,$21.72B,$181.55B,12.45%,$21.72B,$140.75B,16.35%,$21.72B,$1598.87B,1.41%,$33.53B,$349.43B,10.13%,$22068,$1002,$21066,$0,$12062,$13413,$8655,$0,$8655,$2869,$5786,$5786,$5424,$0,$0,$5268,5351,$1.02,$1.01,$331028,$0,$0,$1177695,$8977,$279069,$40801,$92332,$421179,$1598874,$1249447,$167878,$0,$167878,$1417325,$9136,$99926,$4117,$181549,$1598874,$11861,$1303,$1808,$3111,$-13308,$2679,$326,$-6170,$-15370,$-398,$0,$-72,$-174,$-23667,$-9594,$-33261,$-19238,$-52745,$11760,$7966,$19726,$-2927,$-932,$-3917,$38982,$53859,$716,$1144,$-3347
18,2014-03-31,43.77,$33.51,1.31,$16.25,2.69,$23.40,1.87,$4.02,10.89,$1135.34B,$1216.82B,0.93,$153.42B,$159.29B,0.96,$87.28B,$83.15B,95.26%,$87.28B,$33.34B,38.20%,$87.28B,0,0.00%,$87.28B,0,0.00%,$87.28B,$33.34B,38.20%,$87.28B,$21.57B,24.71%,$21.57B,$176.47B,12.68%,$21.57B,$134.66B,16.80%,$21.57B,$1546.71B,1.44%,$33.34B,$329.89B,10.58%,$21622,$997,$20625,$0,$11932,$13270,$8352,$0,$8352,$2277,$6075,$6075,$5607,$0,$0,$5263,5353,$1.07,$1.05,$306265,$0,$0,$1135337,$9020,$270327,$41809,$90214,$411370,$1546707,$1216816,$153422,$0,$153422,$1370238,$9136,$96368,$2752,$176469,$1546707,$6075,$571,$805,$1376,$-3432,$4190,$221,$-3135,$-4610,$2841,$0,$-40,$0,$-8878,$-3304,$-12182,$-6003,$-18225,$-1104,$3808,$2704,$-408,$-408,$-1897,$14797,$15196,$-188,$692,$-1545
19,2013-12-31,39.69,$32.53,1.22,$16.39,2.42,$24.58,1.61,$3.89,10.2,$1121.21B,$1199.50B,0.94,$153.00B,$154.74B,0.99,$88.07B,$83.78B,95.13%,$88.07B,$32.63B,37.05%,$88.07B,0,0.00%,$88.07B,0,0.00%,$88.07B,$32.63B,37.05%,$88.07B,$20.89B,23.72%,$20.89B,$171.01B,12.53%,$20.89B,$128.56B,16.60%,$20.89B,$1523.50B,1.42%,$32.63B,$324.01B,10.69%,$21698,$1033,$20665,$0,$12073,$13481,$8217,$0,$8217,$2504,$5713,$5713,$5369,$0,$0,$5287,5371,$1.02,$1.00,$296525,$0,$0,$1121205,$9156,$264353,$42446,$86342,$402297,$1523502,$1199496,$152998,$0,$152998,$1352494,$9136,$92361,$1386,$171008,$1523502,$22224,$3293,$-449,$2844,$-5352,$43638,$-32,$1464,$32573,$57641,$0,$407,$0,$-78184,$-42348,$-120532,$-33367,$-153492,$27804,$-3390,$24414,$-3132,$13,$-6970,$76453,$93910,$-1941,$1920,$-5953
20,2013-09-30,35.87,$32.01,1.12,$16.68,2.15,$24.78,1.45,$3.80,9.44,$1083.93B,$1168.03B,0.93,$151.21B,$153.26B,0.99,$89.53B,$85.06B,95.01%,$89.53B,$31.63B,35.33%,$89.53B,0,0.00%,$89.53B,0,0.00%,$89.53B,$31.63B,35.33%,$89.53B,$20.38B,22.76%,$20.38B,$168.81B,12.45%,$20.38B,$127.47B,16.45%,$20.38B,$1488.06B,1.41%,$31.63B,$320.03B,10.70%,$21506,$1028,$20478,$0,$11802,$13205,$8301,$0,$8301,$2618,$5683,$5683,$5317,$0,$0,$5295,5382,$1.00,$0.99,$261167,$0,$0,$1083932,$9120,$259399,$41342,$94262,$404123,$1488055,$1168030,$151212,$0,$151212,$1319242,$9136,$88625,$2289,$168813,$1488055,$16511,$2508,$-3792,$-1284,$-9130,$39133,$10,$-2962,$27991,$43218,$0,$471,$0,$-46419,$-36007,$-82426,$-20800,$-102755,$25756,$-3335,$22421,$-2043,$274,$-5222,$39132,$56605,$-2932,$1535,$-4409
21,2013-06-30,35.58,$30.89,1.15,$16.88,2.11,$26.12,1.36,$3.69,9.64,$1050.03B,$1153.41B,0.91,$123.38B,$149.79B,0.82,$90.50B,$85.80B,94.80%,$90.50B,$30.84B,34.08%,$90.50B,0,0.00%,$90.50B,0,0.00%,$90.50B,$30.84B,34.08%,$90.50B,$19.78B,21.85%,$19.78B,$163.78B,12.32%,$19.78B,$122.78B,16.27%,$19.78B,$1440.56B,1.39%,$30.84B,$287.15B,10.73%,$22455,$1077,$21378,$0,$12530,$13984,$8471,$0,$8471,$2863,$5608,$5608,$5272,$0,$0,$5305,5385,$1.00,$0.98,$225223,$0,$0,$1050028,$9190,$249439,$40998,$90908,$390535,$1440563,$1153411,$123375,$0,$123375,$1276786,$9136,$84923,$1797,$163777,$1440563,$10828,$1643,$-3651,$-2008,$-12545,$27924,$198,$-1156,$13295,$22115,$0,$530,$0,$-13047,$-22216,$-35263,$-6243,$-40976,$-364,$-203,$-567,$-501,$109,$-3336,$18734,$14940,$-3921,$1139,$-2850
22,2013-03-31,31.64,$30.89,1.02,$16.92,1.87,$28.61,1.11,$3.53,8.96,$1052.45B,$1147.05B,0.92,$126.19B,$148.98B,0.85,$90.65B,$85.71B,94.55%,$90.65B,$29.46B,32.50%,$90.65B,0,0.00%,$90.65B,0,0.00%,$90.65B,$29.46B,32.50%,$90.65B,$18.91B,20.86%,$18.91B,$163.40B,12.05%,$18.91B,$124.52B,15.95%,$18.91B,$1436.63B,1.36%,$29.46B,$289.59B,10.36%,$22410,$1151,$21259,$0,$13242,$14770,$7640,$0,$7640,$2420,$5220,$5220,$4931,$0,$0,$5279,5354,$0.93,$0.92,$222295,$0,$0,$1052446,$9263,$248160,$38879,$87886,$384188,$1436634,$1147048,$126191,$0,$126191,$1273239,$9136,$81264,$5145,$163395,$1436634,$5220,$834,$-702,$132,$-13168,$13135,$156,$2126,$3785,$9137,$0,$396,$0,$-8186,$-17677,$-25863,$-690,$-26157,$686,$3507,$4193,$261,$871,$-1590,$7903,$11377,$-5643,$625,$-1284
23,2012-12-31,29.03,$30.18,0.96,$17.04,1.7,$29.88,0.97,$3.36,8.64,$1046.43B,$1136.68B,0.92,$127.38B,$146.03B,0.87,$91.25B,$86.09B,94.34%,$91.25B,$28.47B,31.20%,$91.25B,0,0.00%,$91.25B,0,0.00%,$91.25B,$28.47B,31.20%,$91.25B,$18.00B,19.73%,$18.00B,$158.91B,11.78%,$18.00B,$120.58B,15.76%,$18.00B,$1422.97B,1.32%,$28.47B,$286.29B,10.13%,$23162,$1214,$21948,$0,$14309,$15941,$7221,$0,$7221,$1924,$5297,$5297,$4857,$0,$0,$5288,5352,$0.92,$0.91,$216655,$0,$0,$1046428,$9428,$235199,$38335,$93578,$376540,$1422968,$1136678,$127379,$0,$127379,$1264057,$9136,$77679,$5650,$158911,$1422968,$19368,$2807,$3731,$6538,$-60526,$105440,$-84,$-243,$32634,$58540,$0,$116,$-4322,$-92946,$-174,$-93120,$-42564,$-139890,$-398,$7699,$7301,$-1828,$-451,$-5457,$82377,$83770,$2420,$1698,$-4565
24,2012-09-30,29.13,$29.50,0.99,$16.87,1.73,$21.51,1.35,$3.18,9.16,$993.90B,$1087.86B,0.91,$130.80B,$143.78B,0.91,$90.18B,$84.74B,93.98%,$90.18B,$27.31B,30.28%,$90.18B,0,0.00%,$90.18B,0,0.00%,$90.18B,$27.31B,30.28%,$90.18B,$17.03B,18.89%,$17.03B,$156.06B,11.47%,$17.03B,$118.32B,15.53%,$17.03B,$1374.72B,1.27%,$27.31B,$286.86B,9.89%,$22476,$1263,$21213,$0,$13284,$14966,$7510,$0,$7510,$2480,$5030,$5030,$4717,$0,$0,$5288,5356,$0.89,$0.88,$178020,$0,$0,$993900,$9165,$229350,$37737,$104563,$380815,$1374715,$1087855,$130801,$0,$130801,$1218656,$9105,$73994,$6435,$156059,$1374715,$14071,$2083,$5926,$8009,$-53260,$86127,$81,$-4499,$28109,$50189,$0,$159,$-4319,$-56075,$-313,$-56388,$-25228,$-85776,$2726,$2481,$5207,$-597,$145,$-4226,$32007,$33133,$-2454,$1303,$-3500
25,2012-06-30,28.03,$28.33,0.99,$16.67,1.68,$19.24,1.46,$3.02,9.28,$964.06B,$1061.78B,0.91,$124.98B,$137.74B,0.91,$88.96B,$83.16B,93.47%,$88.96B,$25.94B,29.15%,$88.96B,0,0.00%,$88.96B,0,0.00%,$88.96B,$25.94B,29.15%,$88.96B,$16.15B,18.16%,$16.15B,$149.44B,11.19%,$16.15B,$110.82B,15.35%,$16.15B,$1336.20B,1.22%,$25.94B,$274.42B,9.51%,$22606,$1317,$21289,$0,$13779,$15514,$7092,$0,$7092,$2371,$4721,$4721,$4403,$0,$0,$5307,5370,$0.83,$0.82,$155865,$0,$0,$964059,$9317,$226846,$38617,$97365,$372145,$1336204,$1061783,$124984,$0,$124984,$1186767,$9054,$70456,$4629,$149437,$1336204,$9041,$1384,$4325,$5709,$-41220,$64952,$74,$1858,$20631,$35381,$0,$201,$912,$-30268,$134,$-30134,$-18698,$-47719,$-1988,$6547,$4559,$-790,$-790,$-2775,$8715,$9709,$-2629,$1039,$-2336
26,2012-03-31,28.43,$27.70,1.03,$16.60,1.71,$18.01,1.58,$2.90,9.8,$958.92B,$1057.20B,0.91,$129.75B,$134.75B,0.96,$88.45B,$82.26B,93.00%,$88.45B,$24.92B,28.17%,$88.45B,0,0.00%,$88.45B,0,0.00%,$88.45B,$24.92B,28.17%,$88.45B,$15.48B,17.50%,$15.48B,$146.85B,10.94%,$15.48B,$107.06B,15.21%,$15.48B,$1333.80B,1.19%,$24.92B,$276.60B,9.09%,$23003,$1367,$21636,$0,$14569,$16355,$6648,$0,$6648,$2328,$4320,$4320,$4022,$0,$0,$5283,5338,$0.76,$0.75,$166839,$0,$0,$958915,$9291,$230266,$39792,$95535,$374884,$1333799,$1057198,$129752,$0,$129752,$1186950,$9008,$67239,$4216,$146849,$1333799,$4320,$649,$860,$1509,$-31527,$43480,$184,$4554,$10076,$15905,$0,$-14,$-426,$-29776,$-1731,$-31507,$-1014,$-32961,$3762,$1488,$5250,$815,$815,$-1451,$10002,$14616,$-2440,$539,$-1165
27,2011-12-31,22.79,$26.92,0.85,$16.44,1.39,$18.26,1.25,$2.82,8.08,$941.58B,$1046.83B,0.9,$125.35B,$130.26B,0.96,$87.60B,$80.95B,92.41%,$87.60B,$23.66B,27.01%,$87.60B,0,0.00%,$87.60B,0,0.00%,$87.60B,$23.66B,27.01%,$87.60B,$15.03B,17.15%,$15.03B,$141.69B,10.85%,$15.03B,$102.56B,15.29%,$15.03B,$1313.87B,1.17%,$23.66B,$267.04B,8.57%,$22091,$1486,$20605,$0,$14081,$16034,$6057,$0,$6057,$1874,$4183,$4183,$3888,$0,$0,$5278,5323,$0.74,$0.73,$141621,$0,$0,$941575,$9531,$222613,$39126,$101022,$372292,$1313867,$1046826,$125354,$0,$125354,$1172180,$8931,$64385,$3207,$141687,$1313867,$16211,$2208,$16154,$18362,$-46871,$35149,$-362,$-11824,$-20908,$13665,$0,$-155,$-353,$36270,$-45787,$-9517,$-25019,$-35044,$-38868,$-6231,$-45099,$-1122,$1379,$-3381,$71876,$24775,$3396,$1488,$-2537
28,2011-09-30,19.85,$26.41,0.75,$16.74,1.19,$19.26,1.03,$2.70,7.35,$949.42B,$1032.49B,0.92,$133.21B,$127.68B,1.04,$88.91B,$81.84B,92.05%,$88.91B,$22.76B,25.60%,$88.91B,0,0.00%,$88.91B,0,0.00%,$88.91B,$22.76B,25.60%,$88.91B,$14.37B,16.16%,$14.37B,$139.24B,10.64%,$14.37B,$100.44B,15.22%,$14.37B,$1304.95B,1.13%,$22.76B,$272.46B,8.12%,$21264,$1636,$19628,$0,$13022,$15124,$6140,$0,$6140,$1998,$4142,$4142,$3839,$0,$0,$5276,5319,$0.73,$0.72,$165904,$0,$0,$949418,$9607,$207176,$38807,$99937,$355527,$1304945,$1032487,$133214,$0,$133214,$1165701,$8902,$61135,$3828,$139244,$1304945,$12028,$1483,$11991,$13474,$-4128,$16815,$-125,$-7890,$12287,$37789,$0,$-102,$-245,$-9167,$-28669,$-37836,$-13586,$-51769,$-25657,$-4547,$-30204,$-749,$1752,$-2596,$47298,$16250,$2270,$1278,$-1905
29,2011-06-30,22.99,$26.13,0.88,$17.09,1.35,$16.47,1.4,$2.58,8.91,$931.03B,$978.95B,0.95,$142.87B,$126.19B,1.13,$90.55B,$83.08B,91.76%,$90.55B,$21.80B,24.08%,$90.55B,0,0.00%,$90.55B,0,0.00%,$90.55B,$21.80B,24.08%,$90.55B,$13.68B,15.11%,$13.68B,$137.92B,10.40%,$13.68B,$96.94B,15.03%,$13.68B,$1259.73B,1.10%,$21.80B,$280.79B,7.67%,$22092,$1706,$20386,$0,$13849,$16019,$6073,$0,$6073,$2001,$4072,$4072,$3728,$0,$0,$5287,5332,$0.70,$0.70,$167235,$0,$0,$931029,$9613,$186298,$40976,$91818,$328705,$1259734,$978946,$142872,$0,$142872,$1121818,$8876,$57942,$5422,$137916,$1259734,$7886,$968,$6038,$7006,$8022,$15028,$-43,$-1565,$13669,$28561,$0,$-81,$0,$-7769,$-5245,$-13014,$2832,$-10263,$-14989,$-1441,$-16430,$-271,$2230,$-1673,$5590,$-10283,$8015,$1036,$-1269
30,2011-03-31,25.88,$25.46,1.02,$17.39,1.49,$14.32,1.81,$2.43,10.65,$931.63B,$961.12B,0.97,$148.60B,$123.05B,1.21,$91.87B,$84.09B,91.53%,$91.87B,$20.39B,22.19%,$91.87B,0,0.00%,$91.87B,0,0.00%,$91.87B,$20.39B,22.19%,$91.87B,$12.83B,13.96%,$12.83B,$134.94B,10.07%,$12.83B,$93.10B,14.69%,$12.83B,$1244.67B,1.04%,$20.39B,$283.55B,7.01%,$22150,$1821,$20329,$0,$14460,$16764,$5386,$0,$5386,$1572,$3814,$3814,$3570,$0,$0,$5279,5333,$0.68,$0.67,$167909,$0,$0,$931630,$9545,$167906,$41848,$93737,$313036,$1244666,$961120,$148603,$0,$148603,$1109723,$8854,$54855,$5021,$134943,$1244666,$3814,$477,$2094,$2571,$8705,$5826,$14,$1803,$10826,$17211,$0,$-45,$0,$-12404,$8181,$-4223,$5500,$1232,$-8716,$-664,$-9380,$579,$3080,$-885,$-10324,$-17509,$934,$754,$-634
31,2010-12-31,25.19,$24.30,1.04,$17.74,1.42,$12.79,1.97,$2.21,11.4,$935.39B,$973.26B,0.96,$156.98B,$119.20B,1.32,$93.25B,$85.21B,91.38%,$93.25B,$19.00B,20.38%,$93.25B,0,0.00%,$93.25B,0,0.00%,$93.25B,$19.00B,20.38%,$93.25B,$11.63B,12.47%,$11.63B,$127.89B,9.45%,$11.63B,$87.23B,13.97%,$11.63B,$1258.13B,0.94%,$19.00B,$284.87B,6.35%,$23400,$1906,$21494,$0,$15780,$18235,$5165,$0,$5165,$1672,$3493,$3493,$3232,$0,$0,$5227,5263,$0.62,$0.61,$148095,$0,$0,$935393,$9644,$172654,$40656,$99781,$322735,$1258128,$973256,$156983,$0,$156983,$1130239,$8787,$51918,$4738,$127889,$1258128,$12663,$1924,$22519,$24443,$-8037,$12356,$-268,$-20656,$-18334,$18772,$0,$-65,$-36,$-39752,$3121,$-36631,$33057,$-3675,$-59828,$11308,$-48520,$739,$739,$-1782,$23430,$-26133,$-11036,$1232,$-1045
32,2010-09-30,20.38,$23.87,0.85,$18.75,1.09,$15.50,1.31,$1.68,12.13,$898.74B,$932.48B,0.96,$163.14B,$116.33B,1.4,$94.74B,$86.41B,91.21%,$94.74B,$17.80B,18.79%,$94.74B,0,0.00%,$94.74B,0,0.00%,$94.74B,$17.80B,18.79%,$94.74B,$8.79B,9.28%,$8.79B,$125.17B,7.34%,$8.79B,$86.84B,11.05%,$8.79B,$1220.78B,0.72%,$17.80B,$288.31B,5.78%,$22906,$2032,$20874,$0,$15150,$17730,$5176,$0,$5176,$1751,$3425,$3425,$3150,$0,$0,$5240,5273,$0.60,$0.60,$121821,$0,$0,$898735,$9636,$176875,$38330,$97208,$322049,$1220784,$932476,$163143,$0,$163143,$1095619,$8756,$48953,$5502,$125165,$1220784,$9170,$1502,$22076,$23578,$5178,$873,$-238,$-10839,$-9948,$22800,$0,$-29,$-23,$-15664,$1313,$-14351,$39939,$25536,$-55152,$6622,$-48530,$435,$435,$-1403,$-9917,$-59415,$-11079,$1000,$-783
33,2010-06-30,20.74,$23.21,0.89,$19.67,1.05,$16.54,1.25,$1.64,12.64,$922.86B,$919.39B,1.0,$185.07B,$112.42B,1.65,$96.58B,$88.00B,91.12%,$96.58B,$17.29B,17.91%,$96.58B,0,0.00%,$96.58B,0,0.00%,$96.58B,$17.29B,17.91%,$96.58B,$8.28B,8.57%,$8.28B,$121.40B,6.86%,$8.28B,$82.29B,10.33%,$8.28B,$1225.86B,0.67%,$17.29B,$306.47B,5.38%,$23417,$2023,$21394,$0,$16182,$18758,$4659,$0,$4659,$1514,$3145,$3145,$2878,$0,$0,$5220,5261,$0.55,$0.55,$138601,$0,$0,$922862,$10508,$157927,$39108,$95457,$303000,$1225862,$919392,$185072,$0,$185072,$1104464,$8743,$46126,$4844,$121398,$1225862,$5745,$1335,$14795,$16130,$10858,$-3938,$-56,$-3211,$-5021,$16854,$0,$-15,$0,$-33013,$15627,$-17386,$29121,$11720,$-29760,$1094,$-28666,$257,$257,$-889,$-8785,$-38083,$-9509,$784,$-520
34,2010-03-31,25.17,$22.70,1.11,$20.78,1.21,$17.30,1.45,$1.66,15.16,$913.71B,$905.60B,1.01,$199.88B,$108.88B,1.84,$98.21B,$89.12B,90.74%,$98.21B,$17.36B,17.67%,$98.21B,0,0.00%,$98.21B,0,0.00%,$98.21B,$17.36B,17.67%,$98.21B,$7.98B,8.12%,$7.98B,$118.15B,6.61%,$7.98B,$76.72B,10.03%,$7.98B,$1223.63B,0.64%,$17.36B,$318.03B,5.22%,$23526,$2078,$21448,$0,$16898,$19525,$4001,$0,$4001,$1401,$2600,$2600,$2372,$0,$0,$5190,5225,$0.46,$0.45,$117521,$0,$0,$913705,$10405,$162487,$41432,$95601,$309925,$1223630,$905597,$199879,$0,$199879,$1105476,$8743,$43636,$4087,$118154,$1223630,$2600,$713,$7181,$7894,$8340,$-3834,$-142,$3351,$-1613,$8881,$0,$-8,$0,$-13307,$6899,$-6408,$19111,$12695,$-15093,$2240,$-12853,$426,$426,$-511,$-19417,$-32355,$-10779,$384,$-260
35,2009-12-31,21.79,$22.08,0.99,$21.91,0.99,$19.34,1.13,$1.77,12.31,$914.09B,$925.43B,0.99,$203.86B,$105.87B,1.93,$98.64B,$88.69B,89.91%,$98.64B,$18.00B,18.25%,$98.64B,0,0.00%,$98.64B,0,0.00%,$98.64B,$18.00B,18.25%,$98.64B,$7.99B,8.10%,$7.99B,$114.36B,6.78%,$7.99B,$72.42B,10.27%,$7.99B,$1243.65B,0.63%,$18.00B,$318.22B,5.26%,$24888,$2192,$22696,$0,$18092,$20926,$3962,$0,$3962,$949,$3013,$3013,$394,$0,$0,$4545,4563,$0.06,$0.06,$111004,$0,$0,$914085,$10736,$172710,$41935,$104180,$329561,$1243646,$925426,$203861,$0,$203861,$1129287,$8743,$41563,$3009,$114359,$1243646,$12667,$2841,$27587,$30428,$-14469,$13983,$-1028,$-15038,$-14482,$28613,$0,$-10,$-138,$8548,$-3436,$5112,$66821,$71785,$-57864,$-69108,$-126972,$21756,$-3244,$-4303,$37438,$-97081,$3317,$351,$-2125
36,2009-09-30,22.71,$27.55,0.82,$19.84,1.14,$11.66,1.95,$0.90,25.23,$895.23B,$885.41B,1.01,$214.29B,$97.34B,2.2,$85.23B,$75.47B,88.55%,$85.23B,$9.26B,10.86%,$85.23B,0,0.00%,$85.23B,0,0.00%,$85.23B,$9.26B,10.86%,$85.23B,$4.58B,5.37%,$4.58B,$128.92B,3.98%,$4.58B,$89.21B,6.06%,$4.58B,$1228.63B,0.36%,$9.26B,$343.22B,2.61%,$24750,$2284,$22466,$0,$17153,$20079,$4671,$0,$4671,$1355,$3316,$3316,$2637,$0,$0,$4678,4706,$0.56,$0.56,$77922,$0,$0,$895230,$11040,$183814,$39714,$98827,$333395,$1228625,$885409,$214292,$0,$214292,$1099701,$7927,$41485,$4088,$128924,$1228625,$9654,$2437,$18541,$20978,$-12433,$13834,$-1157,$-4793,$-5382,$25250,$0,$-9,$-132,$31942,$-14312,$17630,$57665,$75154,$-50529,$-77274,$-127803,$9510,$9510,$-3507,$14866,$-106934,$-6530,$221,$-1891
37,2009-06-30,19.51,$26.00,0.75,$18.42,1.06,$9.95,1.96,$0.83,23.51,$922.70B,$933.38B,0.99,$229.42B,$89.89B,2.55,$73.25B,$63.38B,86.52%,$73.25B,$6.97B,9.51%,$73.25B,0,0.00%,$73.25B,0,0.00%,$73.25B,$6.97B,9.51%,$73.25B,$3.58B,4.88%,$3.58B,$121.38B,3.79%,$3.58B,$79.87B,6.31%,$3.58B,$1284.18B,0.32%,$6.97B,$350.80B,2.26%,$25044,$2537,$22507,$0,$17137,$20320,$4724,$0,$4724,$1475,$3249,$3249,$2575,$0,$0,$4483,4502,$0.58,$0.57,$76718,$0,$0,$922701,$11151,$206795,$41514,$102015,$361475,$1284176,$933378,$229416,$0,$229416,$1162794,$7927,$39165,$-590,$121382,$1284176,$6338,$1540,$9274,$10814,$-17789,$14592,$-631,$-326,$697,$17849,$0,$-9,$-132,$33457,$-43568,$-10111,$34734,$24482,$-31286,$-52591,$-83877,$9245,$9245,$-2710,$31880,$-45462,$-3131,$171,$-1657
38,2009-03-31,11.43,$25.12,0.46,$16.99,0.67,$9.83,1.16,$0.79,14.47,$953.72B,$928.18B,1.03,$250.65B,$75.65B,3.31,$61.93B,$52.33B,84.49%,$61.93B,$4.85B,7.83%,$61.93B,0,0.00%,$61.93B,0,0.00%,$61.93B,$4.85B,7.83%,$61.93B,$2.75B,4.45%,$2.75B,$107.06B,3.62%,$2.75B,$69.58B,6.80%,$2.75B,$1285.89B,0.29%,$4.85B,$357.71B,1.88%,$23954,$2937,$21017,$0,$15729,$19313,$4641,$0,$4641,$1552,$3089,$3089,$2384,$0,$0,$4247,4249,$0.56,$0.56,$87308,$0,$0,$953719,$11215,$178468,$37473,$105016,$332172,$1285891,$928184,$250650,$0,$250650,$1178834,$7273,$36949,$-3624,$107057,$1285891,$3089,$981,$8803,$9784,$-16106,$7821,$-767,$6240,$3006,$15879,$0,$-4,$-123,$30808,$-21070,$9738,$9090,$18701,$-14066,$-35990,$-50056,$470,$470,$-2066,$15495,$-36157,$-1577,$114,$-1443
39,2008-12-31,23.22,$24.20,0.96,$15.47,1.5,$5.98,3.88,$0.83,27.97,$998.21B,$940.17B,1.06,$267.16B,$70.98B,3.76,$51.63B,$41.88B,81.11%,$51.63B,$3.30B,6.39%,$51.63B,0,0.00%,$51.63B,0,0.00%,$51.63B,$3.30B,6.39%,$51.63B,$2.37B,4.59%,$2.37B,$102.32B,3.86%,$2.37B,$63.53B,8.44%,$2.37B,$1309.64B,0.30%,$3.30B,$369.47B,1.60%,$11481,$2004,$9477,$0,$14207,$16258,$-4777,$0,$-4777,$-2036,$-2741,$-2741,$-3020,$0,$0,$3378,3391,$-0.93,$-0.92,$128080,$0,$0,$998213,$11269,$151569,$38787,$109801,$311426,$1309639,$940165,$267158,$0,$267158,$1207323,$7273,$36543,$-6869,$102316,$1309639,$2698,$1669,$16909,$18578,$4080,$-3045,$1634,$-17789,$-26064,$-4788,$0,$92,$11203,$51049,$-20218,$30831,$-60287,$-18161,$5842,$-14888,$-9046,$14874,$37548,$-4312,$7765,$31955,$9006,$628,$-4312
40,2008-09-30,29.24,$14.14,2.07,$16.25,1.8,$10.14,2.88,$2.03,14.4,$452.61B,$468.05B,0.97,$107.35B,$46.33B,2.32,$54.24B,$42.74B,78.79%,$54.24B,$10.17B,18.75%,$54.24B,0,0.00%,$54.24B,0,0.00%,$54.24B,$9.98B,18.40%,$54.24B,$6.75B,12.44%,$6.75B,$46.96B,14.14%,$6.75B,$13.82B,40.91%,$6.75B,$622.36B,1.12%,$10.17B,$154.31B,6.73%,$12770,$2393,$10377,$0,$7949,$10389,$2381,$0,$2381,$730,$1651,$1651,$1637,$0,$0,$3316,3331,$0.49,$0.49,$30051,$0,$0,$452609,$5054,$86882,$33137,$44679,$169752,$622361,$468054,$107350,$0,$107350,$575404,$5788,$40853,$-2783,$46957,$622361,$5439,$1154,$6757,$7911,$8075,$-1360,$-176,$-8319,$-1149,$12201,$0,$71,$-590,$-5301,$-18804,$-24105,$-32986,$-57610,$7312,$31798,$39110,$107,$107,$-3178,$7474,$43513,$-1896,$480,$-3178
41,2008-06-30,18.3,$14.48,1.26,$16.50,1.11,$6.73,2.72,$2.22,8.24,$445.16B,$457.18B,0.97,$103.93B,$47.24B,2.2,$55.27B,$42.21B,76.38%,$55.27B,$11.08B,20.05%,$55.27B,0,0.00%,$55.27B,0,0.00%,$55.27B,$10.89B,19.70%,$55.27B,$7.29B,13.18%,$7.29B,$47.96B,15.21%,$7.29B,$15.00B,42.22%,$7.29B,$609.07B,1.25%,$11.08B,$151.89B,7.46%,$13729,$2269,$11460,$0,$8811,$11126,$2603,$0,$2603,$834,$1769,$1769,$1753,$0,$0,$3310,3321,$0.53,$0.53,$27379,$0,$0,$445155,$5033,$91331,$32966,$34589,$163919,$609074,$457182,$103928,$0,$103928,$561110,$5788,$40534,$-1060,$47964,$609074,$3788,$748,$4989,$5737,$2254,$-1954,$-205,$567,$3252,$12777,$0,$130,$-386,$-1334,$-20664,$-21998,$-19795,$-42049,$2520,$32884,$35404,$88,$88,$-2050,$-5317,$28125,$-1147,$351,$-2050
42,2008-03-31,22.19,$14.67,1.51,$16.28,1.36,$4.96,4.48,$2.36,9.4,$437.26B,$443.61B,0.99,$103.18B,$47.60B,2.17,$54.81B,$40.64B,74.16%,$54.81B,$11.92B,21.75%,$54.81B,0,0.00%,$54.81B,0,0.00%,$54.81B,$11.73B,21.40%,$54.81B,$7.81B,14.25%,$7.81B,$48.44B,16.37%,$7.81B,$19.88B,44.55%,$7.81B,$595.22B,1.38%,$11.92B,$151.61B,8.18%,$13652,$3089,$10563,$0,$7424,$10559,$3093,$0,$3093,$1074,$2019,$2019,$1999,$0,$0,$3302,3318,$0.61,$0.60,$26210,$0,$0,$437261,$5056,$81787,$28559,$42558,$157960,$595221,$443607,$103175,$0,$103175,$546782,$5788,$39896,$120,$48439,$595221,$1999,$368,$1860,$2228,$-2267,$-1166,$-63,$-2544,$-4617,$-390,$0,$37,$-46,$-1417,$-9268,$-10685,$-7726,$-18420,$568,$728,$1296,$-34,$-34,$-1024,$16961,$17199,$-1611,$205,$-1024
43,2007-12-31,22.79,$14.45,1.58,$15.85,1.44,$6.49,3.51,$2.42,9.42,$429.89B,$428.42B,1.0,$99.39B,$47.18B,2.11,$53.72B,$39.52B,73.56%,$53.72B,$12.03B,22.39%,$53.72B,0,0.00%,$53.72B,0,0.00%,$53.72B,$11.84B,22.03%,$53.72B,$8.06B,15.00%,$8.06B,$47.63B,17.10%,$8.06B,$17.29B,48.19%,$8.06B,$575.44B,1.50%,$12.03B,$147.02B,8.47%,$14089,$3754,$10335,$0,$8242,$11996,$2093,$0,$1901,$332,$1569,$1569,$1361,$0,$0,$3349,3383,$0.42,$0.41,$25238,$0,$0,$429889,$5122,$72951,$30335,$37145,$145553,$575442,$428421,$99393,$0,$99393,$527814,$5788,$38970,$725,$47628,$575442,$8265,$1532,$3852,$5384,$-7403,$-3388,$-87,$2024,$-4363,$9286,$0,$791,$-2811,$3331,$-18634,$-15303,$-60024,$-77347,$11110,$39827,$50937,$-5542,$-5542,$-3955,$26350,$67790,$-271,$547,$-3955
44,2007-09-30,26.62,$14.30,1.86,$15.38,1.73,$11.95,2.23,$2.65,10.04,$413.85B,$405.57B,1.02,$95.59B,$47.02B,2.03,$52.23B,$38.60B,73.90%,$52.23B,$13.12B,25.11%,$52.23B,0,0.00%,$52.23B,0,0.00%,$52.23B,$13.12B,25.11%,$52.23B,$8.82B,16.88%,$8.82B,$47.57B,18.89%,$8.82B,$16.87B,53.30%,$8.82B,$548.73B,1.71%,$13.12B,$143.16B,9.48%,$13796,$3943,$9853,$0,$6563,$10506,$3290,$0,$3290,$1117,$2173,$2173,$2173,$0,$0,$3340,3374,$0.65,$0.64,$24044,$0,$0,$413847,$5002,$57440,$30701,$41737,$134880,$548727,$405569,$95592,$0,$95592,$501161,$5788,$38645,$291,$47566,$548727,$6696,$1141,$1867,$3008,$-3961,$-2959,$-59,$-5042,$-8852,$852,$0,$1124,$-2862,$1539,$-10027,$-8488,$-46329,$-56555,$7723,$28760,$36483,$-3234,$-3234,$-2919,$22545,$52875,$-2828,$430,$-2919
45,2007-06-30,26.05,$14.05,1.85,$14.88,1.75,$18.07,1.44,$2.61,9.98,$399.61B,$398.80B,1.0,$93.83B,$46.60B,2.01,$50.72B,$37.68B,74.29%,$50.72B,$13.07B,25.76%,$50.72B,0,0.00%,$50.72B,0,0.00%,$50.72B,$13.07B,25.76%,$50.72B,$8.84B,17.42%,$8.84B,$47.24B,19.21%,$8.84B,$16.11B,54.44%,$8.84B,$539.87B,1.78%,$13.07B,$141.07B,9.69%,$13268,$3377,$9891,$0,$6447,$9824,$3444,$0,$3444,$1165,$2279,$2279,$2279,$0,$0,$3351,3389,$0.68,$0.67,$25166,$0,$0,$399613,$4973,$72179,$31134,$31966,$140252,$539865,$398796,$93830,$0,$93830,$492626,$5788,$37603,$-236,$47239,$539865,$4523,$764,$640,$1404,$-4562,$-1682,$-90,$-207,$1119,$7046,$0,$1066,$-2825,$922,$-30198,$-29276,$-21474,$-52509,$6262,$27869,$34131,$-1694,$-1694,$-1885,$12597,$43149,$-2314,$314,$-1885
46,2007-03-31,25.31,$13.75,1.84,$14.46,1.75,$21.94,1.15,$2.56,9.9,$378.51B,$349.50B,1.08,$90.33B,$45.33B,1.99,$49.33B,$36.58B,74.14%,$49.33B,$12.80B,25.95%,$49.33B,0,0.00%,$49.33B,0,0.00%,$49.33B,$12.80B,25.95%,$49.33B,$8.65B,17.53%,$8.65B,$46.07B,19.36%,$8.65B,$16.62B,54.21%,$8.65B,$485.90B,1.77%,$12.80B,$136.40B,9.77%,$12570,$3129,$9441,$0,$6241,$9370,$3200,$0,$3200,$956,$2244,$2244,$2244,$0,$0,$3376,3416,$0.66,$0.66,$23678,$0,$0,$378508,$4864,$45443,$29454,$27632,$107393,$485901,$349501,$90327,$0,$90327,$439828,$5788,$36377,$289,$46073,$485901,$2244,$382,$518,$900,$-355,$-936,$-179,$3832,$1689,$4833,$0,$-188,$0,$1410,$-2724,$-1314,$-8150,$-9652,$3180,$352,$3532,$-1183,$-1183,$-948,$875,$2276,$-2543,$178,$-948
47,2006-12-31,25.93,$13.57,1.91,$14.08,1.84,$25.43,1.02,$2.49,10.42,$375.88B,$349.04B,1.08,$87.15B,$45.43B,1.92,$47.98B,$35.69B,74.39%,$47.98B,$12.65B,26.37%,$47.98B,0,0.00%,$47.98B,0,0.00%,$47.98B,$12.65B,26.37%,$47.98B,$8.42B,17.55%,$8.42B,$45.81B,19.30%,$8.42B,$16.57B,52.50%,$8.42B,$482.00B,1.72%,$12.65B,$132.96B,9.84%,$12594,$3181,$9413,$0,$6232,$9413,$3181,$0,$3181,$1062,$2119,$2119,$2119,$0,$0,$3368,3410,$0.63,$0.62,$26713,$0,$0,$375883,$4698,$42629,$29243,$29543,$106113,$481996,$349037,$87145,$0,$87145,$436182,$5788,$35215,$302,$45814,$481996,$8420,$3221,$1358,$4579,$559,$5271,$455,$6023,$14977,$27976,$0,$-3539,$-626,$-717,$-1837,$-2554,$-9863,$-16582,$7646,$-11156,$-3510,$-201,$-201,$-3641,$-4411,$-11763,$-369,$489,$-3641
