,Date,Stock Price,Book Value per Share,Price to Book Ratio,TTM Sales per Share,Price to Sales Ratio,TTM FCF per Share,Price to FCF Ratio,TTM Net EPS,PE Ratio,Current Assets,Current Liabilities,Current Ratio,Long Term Debt,Shareholder's Equity_x,Debt to Equity Ratio,TTM Revenue_x,TTM Gross Profit,Gross Margin,TTM Revenue_y,TTM Operating Income,Operating Margin,TTM Revenue_x,TTM EBIT,EBIT Margin,TTM Revenue_y,TTM EBITDA,EBITDA Margin,TTM Revenue_x,TTM Pre-Tax Income,Pre-Tax Margin,TTM Revenue_y,TTM Net Income_x,Net Margin,TTM Net Income_y,Shareholder's Equity_y,Return on Equity,TTM Net Income_x,Tangible Equity,Return on Tangible Equity,TTM Net Income_y,Total Assets,Return on Assets,TTM Net Income,LT Investments & Debt,Return on Investment,revenue,cost-goods-sold,gross-profit,research-development-expenses,selling-general-administrative-expenses,operating-expenses,operating-income,total-non-operating-income-expense,pre-tax-income,total-provision-income-taxes,income-after-taxes,income-from-continuous-operations,net-income,ebitda,ebit,basic-shares-outstanding,shares-outstanding,eps-basic-net-earnings-per-share,eps-earnings-per-share-diluted,cash-on-hand,inventory,other-current-assets,total-current-assets,net-property-plant-equipment,long-term-investments,goodwill-intangible-assets-total,other-long-term-assets,total-long-term-assets,total-assets,total-current-liabilities,long-term-debt,other-non-current-liabilities,total-long-term-liabilities,total-liabilities,common-stock-net,retained-earnings-accumulated-deficit,comprehensive-income,total-share-holder-equity,total-liabilities-share-holders-equity,net-income-loss,total-depreciation-amortization-cash-flow,other-non-cash-items,total-non-cash-items,change-in-accounts-receivable,change-in-inventories,change-in-accounts-payable,change-in-assets-liabilities,total-change-in-assets-liabilities,cash-flow-from-operating-activities,net-change-in-property-plant-equipment,net-change-in-intangible-assets,net-acquisitions-divestitures,net-change-in-short-term-investments,net-change-in-long-term-investments,net-change-in-investments-total,investing-activities-other,cash-flow-from-investing-activities,net-long-term-debt,net-current-debt,debt-issuance-retirement-net-total,net-common-equity-issued-repurchased,net-total-equity-issued-repurchased,total-common-preferred-stock-dividends-paid,financial-activities-other,cash-flow-from-financial-activities,net-cash-flow,stock-based-compensation,common-stock-dividends-paid
0,2018-09-30,2.71,$-1.51,-1.8,$5.84,0.46,$-1.98,0.0,$-2.66,0.0,$3.73B,$2.30B,1.62,$7.63B,$-1.51B,-5.06,$5.81B,$1.11B,19.17%,$5.81B,$-1.83B,-31.44%,$5.81B,$-1.83B,-31.44%,$5.81B,$-1.22B,-20.95%,$5.81B,$-2.49B,-42.84%,$5.81B,$-2.65B,-45.58%,$-2.65B,$-1.51B,246.77%,$-2.65B,$-4.33B,66.74%,$-2.65B,$8.84B,-28.68%,$-1.83B,$6.12B,-27.91%,$1444,$1105,$339,$31,$223,$1457,$-13,$-159,$-172,$22,$-194,$-194,$-199,$115,$-13,$998,998,$-0.20,$-0.20,$393,$1097,$952,$3730,$2157,$0,$2824,$127,$5108,$8838,$2299,$7626,$421,$8047,$10346,$1,$-6568,$-1688,$-1508,$8838,$-695,$419,$247,$666,$-101,$33,$-90,$-136,$-318,$-347,$-141,$0,$63,$0,$0,$0,$37,$-41,$115,$170,$285,$0,$0,$0,$-62,$223,$-220,$38,$0
1,2018-06-30,3.29,$-1.32,-2.5,$5.86,0.56,$-2.38,0.0,$-2.72,0.0,$3.69B,$2.20B,1.68,$7.63B,$-1.31B,-5.82,$5.82B,$1.04B,17.85%,$5.82B,$-1.88B,-32.33%,$5.82B,$-1.88B,-32.33%,$5.82B,$-1.20B,-20.65%,$5.82B,$-2.54B,-43.65%,$5.82B,$-2.70B,-46.44%,$-2.70B,$-1.31B,773.94%,$-2.70B,$-4.15B,85.02%,$-2.70B,$8.98B,-26.98%,$-1.88B,$6.32B,-26.01%,$1448,$1143,$305,$37,$233,$1521,$-73,$-160,$-233,$26,$-259,$-259,$-264,$71,$-73,$997,997,$-0.26,$-0.26,$415,$1143,$831,$3693,$2273,$0,$2837,$176,$5286,$8979,$2200,$7634,$457,$8091,$10291,$1,$-6369,$-1679,$-1312,$8979,$-501,$291,$170,$461,$-78,$-7,$-81,$-86,$-275,$-315,$-86,$0,$-3,$0,$0,$0,$75,$-14,$133,$87,$220,$0,$0,$0,$-48,$172,$-198,$27,$0
2,2018-03-31,2.29,$-0.90,-2.54,$5.79,0.4,$-2.55,0.0,$-2.63,0.0,$3.62B,$2.09B,1.73,$7.64B,$-0.90B,-8.51,$5.74B,$0.91B,15.83%,$5.74B,$-1.95B,-34.07%,$5.74B,$-1.95B,-34.07%,$5.74B,$-1.21B,-21.16%,$5.74B,$-2.46B,-42.82%,$5.74B,$-2.61B,-45.50%,$-2.61B,$-0.90B,-725.50%,$-2.61B,$-3.87B,109.08%,$-2.61B,$9.33B,-24.20%,$-1.95B,$6.74B,-24.67%,$1423,$1145,$278,$38,$236,$1462,$-39,$-171,$-210,$32,$-242,$-242,$-245,$108,$-39,$994,994,$-0.25,$-0.25,$459,$1225,$704,$3615,$2580,$26,$2968,$145,$5719,$9334,$2092,$7639,$501,$8140,$10232,$1,$-6105,$-1514,$-898,$9334,$-242,$147,$92,$239,$23,$-13,$-55,$-129,$-182,$-185,$-38,$0,$13,$0,$0,$0,$25,$0,$148,$-54,$94,$0,$0,$0,$-40,$54,$-154,$13,$0
3,2017-12-31,4.17,$-0.58,-7.25,$5.76,0.72,$-2.79,0.0,$-2.83,0.0,$3.88B,$2.23B,1.74,$7.54B,$-0.57B,-13.21,$5.70B,$0.81B,14.21%,$5.70B,$-2.13B,-37.36%,$5.70B,$-2.13B,-37.36%,$5.70B,$-1.33B,-23.30%,$5.70B,$-2.66B,-46.60%,$5.70B,$-2.81B,-49.36%,$-2.81B,$-0.57B,-279.34%,$-2.81B,$-3.51B,170.07%,$-2.81B,$9.75B,-24.47%,$-2.13B,$6.97B,-25.09%,$1490,$1299,$191,$41,$275,$3190,$-1700,$-172,$-1872,$62,$-1934,$-1934,$-1938,$-1510,$-1700,$990,990,$-1.96,$-1.96,$613,$1234,$691,$3878,$2708,$0,$2940,$221,$5869,$9747,$2230,$7541,$547,$8088,$10318,$1,$-5763,$-1519,$-571,$9747,$-2793,$801,$1697,$2498,$-29,$-37,$-2,$78,$-93,$-388,$-469,$0,$408,$0,$0,$0,$-1,$-62,$181,$-128,$53,$0,$0,$0,$-33,$20,$-424,$70,$0
4,2017-09-30,4.58,$1.40,3.28,$5.84,0.78,$-2.49,0.0,$-1.47,0.0,$5.04B,$2.47B,2.04,$7.53B,$1.38B,5.44,$5.62B,$0.78B,13.86%,$5.62B,$-0.83B,-14.75%,$5.62B,$-0.83B,-14.75%,$5.62B,$-0.00B,-0.04%,$5.62B,$-1.32B,-23.53%,$5.62B,$-1.42B,-25.36%,$-1.42B,$1.38B,-85.44%,$-1.42B,$-1.19B,139.54%,$-1.42B,$12.01B,-11.65%,$-0.83B,$8.91B,-9.09%,$1460,$1195,$265,$42,$258,$1530,$-70,$-156,$-226,$25,$-251,$-251,$-256,$129,$-70,$990,990,$-0.26,$-0.26,$445,$1752,$1344,$5043,$3989,$65,$2575,$341,$6970,$12013,$2470,$7530,$629,$8159,$10629,$1,$-3825,$-1489,$1384,$12013,$-859,$611,$119,$730,$-77,$-94,$-44,$-47,$-355,$-484,$-391,$0,$16,$0,$0,$0,$-26,$-401,$197,$118,$315,$0,$0,$0,$-28,$287,$-592,$55,$0
5,2017-06-30,3.87,$1.55,2.5,$5.87,0.66,$-2.25,0.0,$-3.19,0.0,$5.05B,$2.38B,2.12,$7.54B,$1.52B,4.95,$5.51B,$0.64B,11.59%,$5.51B,$-1.70B,-30.90%,$5.51B,$-1.70B,-30.90%,$5.51B,$-0.83B,-15.13%,$5.51B,$-2.18B,-39.54%,$5.51B,$-2.95B,-53.49%,$-2.95B,$1.52B,-153.82%,$-2.95B,$-1.00B,326.47%,$-2.95B,$12.05B,-23.82%,$-1.70B,$9.06B,-18.49%,$1363,$1189,$174,$36,$244,$1508,$-145,$-3,$-148,$17,$-165,$-165,$-171,$59,$-145,$990,990,$-0.17,$-0.17,$584,$1728,$1337,$5047,$4111,$63,$2527,$304,$7005,$12052,$2380,$7538,$610,$8148,$10528,$1,$-3569,$-1577,$1524,$12052,$-608,$412,$80,$492,$-12,$-47,$-16,$12,$-125,$-241,$-325,$0,$-9,$0,$0,$0,$19,$-315,$215,$-96,$119,$0,$0,$0,$-20,$99,$-453,$41,$0
6,2017-03-31,6.65,$1.72,3.87,$6.06,1.1,$-2.14,0.0,$-3.65,0.0,$5.11B,$2.45B,2.09,$7.30B,$1.69B,4.32,$5.55B,$0.63B,11.33%,$5.55B,$-2.02B,-36.36%,$5.55B,$-2.02B,-36.36%,$5.55B,$-1.10B,-19.89%,$5.55B,$-2.70B,-48.56%,$5.55B,$-3.34B,-60.22%,$-3.34B,$1.69B,-129.42%,$-3.34B,$-0.91B,833.42%,$-3.34B,$12.16B,-25.92%,$-2.02B,$8.99B,-20.74%,$1386,$1206,$180,$39,$263,$1600,$-214,$-196,$-410,$33,$-443,$-443,$-448,$-6,$-214,$988,988,$-0.45,$-0.45,$546,$1700,$1321,$5106,$4265,$65,$2602,$124,$7056,$12162,$2447,$7299,$725,$8024,$10471,$1,$-3398,$-1567,$1691,$12162,$-443,$208,$136,$344,$51,$0,$-48,$-53,$-80,$-179,$-280,$0,$2,$0,$0,$0,$-1,$-279,$-18,$-7,$-25,$0,$0,$0,$-11,$-36,$-491,$24,$0
7,2016-12-31,4.99,$2.10,2.37,$6.60,0.76,$-1.98,0.0,$-3.81,0.0,$4.91B,$2.43B,2.02,$7.40B,$2.07B,3.58,$5.75B,$0.56B,9.74%,$5.75B,$-2.25B,-39.15%,$5.75B,$-2.25B,-39.15%,$5.75B,$-1.30B,-22.53%,$5.75B,$-2.88B,-50.04%,$5.75B,$-3.39B,-59.00%,$-3.39B,$2.07B,-102.04%,$-3.39B,$-0.98B,-1809.07%,$-3.39B,$12.66B,-25.16%,$-2.25B,$9.47B,-22.27%,$1406,$1247,$159,$40,$259,$1805,$-399,$-138,$-537,$7,$-544,$-544,$-549,$-184,$-399,$887,887,$-0.60,$-0.60,$1037,$1802,$425,$4910,$4480,$66,$3045,$163,$7754,$12664,$2428,$7403,$765,$8168,$10596,$1,$-2950,$-1610,$2068,$12664,$-3373,$956,$1870,$2826,$214,$260,$-21,$85,$243,$-304,$-204,$0,$-15,$0,$0,$0,$82,$-137,$1718,$-1512,$206,$1071,$1071,$0,$-216,$1061,$570,$87,$0
8,2016-09-30,5.62,$2.66,2.11,$7.60,0.74,$-1.36,0.0,$-4.76,0.0,$4.60B,$2.72B,1.69,$6.94B,$2.38B,2.91,$6.36B,$0.48B,7.54%,$6.36B,$-2.89B,-45.41%,$6.36B,$-2.89B,-45.41%,$6.36B,$-1.87B,-29.43%,$6.36B,$-3.49B,-54.89%,$6.36B,$-4.05B,-63.75%,$-4.05B,$2.38B,-103.91%,$-4.05B,$-0.72B,-552.47%,$-4.05B,$12.64B,-28.92%,$-2.89B,$9.32B,-28.04%,$1356,$1230,$126,$33,$267,$2301,$-945,$-139,$-1084,$692,$-1776,$-1776,$-1780,$-703,$-945,$899,899,$-1.98,$-1.98,$440,$1917,$481,$4598,$4708,$65,$3104,$160,$8037,$12635,$2720,$6937,$595,$7532,$10252,$1,$-2401,$-1549,$2383,$12635,$-2829,$741,$1713,$2454,$185,$208,$-203,$-247,$-69,$-444,$-136,$0,$-15,$0,$0,$0,$47,$-104,$1258,$-1138,$120,$623,$623,$0,$-186,$557,$-27,$57,$0
9,2016-06-30,5.55,$4.67,1.19,$8.96,0.62,$-0.92,0.0,$-3.00,0.0,$5.05B,$2.53B,2.0,$6.94B,$4.19B,1.66,$7.24B,$0.72B,9.96%,$7.24B,$-2.04B,-28.18%,$7.24B,$-2.04B,-28.18%,$7.24B,$-0.97B,-13.36%,$7.24B,$-2.63B,-36.35%,$7.24B,$-2.44B,-33.73%,$-2.44B,$4.19B,-51.48%,$-2.44B,$1.01B,-157.89%,$-2.44B,$14.11B,-16.22%,$-2.04B,$11.13B,-18.70%,$1402,$1238,$164,$41,$264,$1862,$-460,$-204,$-664,$-102,$-562,$-562,$-565,$-211,$-460,$899,899,$-0.63,$-0.63,$452,$2195,$480,$5049,$5247,$65,$3182,$569,$9063,$14112,$2528,$6943,$454,$7397,$9925,$1,$-621,$-1507,$4187,$14112,$-1053,$499,$382,$881,$170,$122,$-167,$-282,$-167,$-339,$-74,$0,$-8,$0,$0,$0,$26,$-56,$1276,$-1381,$-105,$623,$623,$0,$-103,$415,$-15,$38,$0
10,2016-03-31,7.78,$5.21,1.49,$10.48,0.74,$-0.67,0.0,$-3.00,0.0,$5.37B,$3.48B,1.54,$5.85B,$4.66B,1.26,$8.22B,$0.93B,11.32%,$8.22B,$-2.04B,-24.84%,$8.22B,$-2.04B,-24.84%,$8.22B,$-0.91B,-11.05%,$8.22B,$-2.58B,-31.38%,$8.22B,$-2.37B,-28.76%,$-2.37B,$4.66B,-44.99%,$-2.37B,$1.44B,-116.92%,$-2.37B,$14.52B,-14.85%,$-2.04B,$10.51B,-18.16%,$1585,$1474,$111,$45,$319,$2032,$-447,$-145,$-592,$-101,$-491,$-491,$-498,$-197,$-447,$813,813,$-0.61,$-0.61,$464,$2302,$466,$5366,$5471,$65,$3216,$398,$9150,$14516,$3478,$5846,$533,$6379,$9857,$1,$-56,$-1498,$4659,$14516,$-491,$250,$97,$347,$88,$46,$-15,$-178,$-59,$-203,$-43,$0,$-7,$0,$0,$0,$36,$-14,$-9,$-372,$-381,$630,$630,$0,$-1,$248,$-3,$21,$0
11,2015-12-31,8.39,$5.60,1.5,$12.12,0.69,$-0.71,0.0,$-2.54,0.0,$5.56B,$4.03B,1.38,$5.85B,$4.37B,1.34,$9.43B,$1.41B,14.97%,$9.43B,$-1.55B,-16.39%,$9.43B,$-1.55B,-16.39%,$9.43B,$-0.35B,-3.67%,$9.43B,$-2.10B,-22.22%,$9.43B,$-1.99B,-21.04%,$-1.99B,$4.37B,-34.58%,$-1.99B,$1.21B,-79.92%,$-1.99B,$14.76B,-11.78%,$-1.55B,$10.22B,-13.05%,$2012,$1934,$78,$52,$404,$3046,$-1034,$-114,$-1148,$52,$-1200,$-1200,$-1208,$-759,$-1034,$779,779,$-1.55,$-1.55,$467,$2344,$464,$5564,$5679,$76,$3159,$282,$9196,$14760,$4031,$5852,$512,$6364,$10395,$1,$442,$-1641,$4365,$14760,$-1951,$1200,$979,$2179,$1031,$349,$-813,$58,$487,$715,$-682,$0,$-22,$0,$0,$0,$45,$-659,$-470,$505,$35,$0,$0,$0,$-32,$3,$-7,$73,$0
12,2015-09-30,8.48,$7.39,1.15,$14.33,0.59,$-1.38,0.0,$-1.61,0.0,$6.52B,$4.03B,1.62,$6.02B,$5.75B,1.05,$11.15B,$2.15B,19.31%,$11.15B,$-0.48B,-4.31%,$11.15B,$-0.48B,-4.31%,$11.15B,$0.78B,7.02%,$11.15B,$-1.26B,-11.33%,$11.15B,$-1.25B,-11.23%,$-1.25B,$5.75B,-19.54%,$-1.25B,$2.53B,-40.68%,$-1.25B,$16.80B,-7.00%,$-0.48B,$11.77B,-3.77%,$2237,$1869,$368,$56,$344,$2335,$-98,$-128,$-226,$-65,$-161,$-161,$-170,$200,$-98,$779,779,$-0.22,$-0.22,$519,$2767,$893,$6515,$6394,$83,$3224,$583,$10284,$16799,$4025,$6020,$1000,$7020,$11045,$1,$1650,$-1447,$5754,$16799,$-751,$925,$182,$1107,$849,$160,$-692,$-290,$27,$383,$-542,$0,$8,$0,$0,$0,$0,$-534,$-368,$606,$238,$0,$0,$0,$-7,$231,$45,$52,$0
13,2015-06-30,12.27,$8.06,1.52,$16.41,0.75,$-2.03,0.0,$-1.29,0.0,$7.06B,$4.14B,1.71,$6.27B,$6.25B,1.0,$12.79B,$2.78B,21.72%,$12.79B,$-0.06B,-0.50%,$12.79B,$-0.06B,-0.50%,$12.79B,$1.23B,9.60%,$12.79B,$-0.85B,-6.65%,$12.79B,$-1.01B,-7.86%,$-1.01B,$6.25B,-14.45%,$-1.01B,$2.91B,-29.09%,$-1.01B,$17.63B,-5.33%,$-0.06B,$12.52B,-0.47%,$2390,$2016,$374,$59,$392,$2854,$-464,$-151,$-615,$-132,$-483,$-483,$-489,$-153,$-464,$778,778,$-0.63,$-0.63,$611,$2921,$978,$7064,$6694,$81,$3335,$460,$10570,$17634,$4137,$6268,$982,$7250,$11387,$1,$1820,$-1090,$6247,$17634,$-590,$627,$349,$976,$687,$76,$-616,$-284,$-137,$249,$-411,$0,$20,$0,$0,$0,$0,$-391,$-161,$478,$317,$0,$0,$0,$-15,$302,$137,$34,$0
14,2015-03-31,12.3,$8.52,1.44,$18.11,0.68,$-2.63,0.0,$-0.85,0.0,$7.59B,$4.39B,1.73,$6.28B,$6.60B,0.95,$14.11B,$3.29B,23.28%,$14.11B,$0.43B,3.01%,$14.11B,$0.43B,3.01%,$14.11B,$1.76B,12.48%,$14.11B,$-0.36B,-2.53%,$14.11B,$-0.66B,-4.68%,$-0.66B,$6.60B,-8.93%,$-0.66B,$3.29B,-17.73%,$-0.66B,$18.22B,-3.32%,$0.43B,$12.88B,3.00%,$2794,$2202,$592,$64,$440,$2744,$50,$-157,$-107,$0,$-107,$-107,$-118,$366,$50,$778,778,$-0.15,$-0.15,$512,$3052,$1103,$7592,$6932,$101,$3311,$287,$10631,$18223,$4393,$6278,$954,$7232,$11625,$1,$2309,$-1204,$6598,$18223,$-107,$316,$83,$399,$320,$-32,$-251,$-371,$-334,$-42,$-224,$0,$3,$0,$0,$0,$0,$-221,$-154,$479,$325,$0,$0,$0,$-18,$307,$38,$15,$0
15,2014-12-31,11.45,$9.09,1.26,$19.15,0.6,$-3.18,0.0,$-0.75,0.0,$7.94B,$4.03B,1.97,$6.80B,$7.03B,0.97,$14.91B,$3.45B,23.14%,$14.91B,$0.51B,3.39%,$14.91B,$0.51B,3.39%,$14.91B,$1.88B,12.58%,$14.91B,$-0.26B,-1.71%,$14.91B,$-0.58B,-3.92%,$-0.58B,$7.03B,-7.54%,$-0.58B,$3.58B,-15.21%,$-0.58B,$18.89B,-2.81%,$0.51B,$13.83B,3.43%,$3727,$2908,$819,$74,$584,$3695,$32,$-347,$-315,$148,$-463,$-463,$-475,$370,$32,$777,777,$-0.61,$-0.61,$474,$3087,$708,$7944,$7123,$106,$3451,$265,$10945,$18889,$4027,$6798,$1031,$7829,$11856,$1,$2427,$-881,$7033,$18889,$-539,$1371,$884,$2255,$78,$-167,$-150,$-514,$-753,$963,$-1450,$0,$10,$0,$0,$0,$1770,$330,$-259,$-924,$-1183,$0,$0,$0,$3,$-1180,$39,$56,$0
16,2014-09-30,20.8,$10.26,2.03,$19.20,1.08,$-3.00,0.0,$-0.49,0.0,$8.93B,$4.88B,1.83,$7.00B,$7.94B,0.88,$14.92B,$3.24B,21.68%,$14.92B,$0.42B,2.83%,$14.92B,$0.42B,2.83%,$14.92B,$1.82B,12.19%,$14.92B,$-0.13B,-0.90%,$14.92B,$-0.38B,-2.55%,$-0.38B,$7.94B,-4.73%,$-0.38B,$4.04B,-9.43%,$-0.38B,$20.73B,-1.76%,$0.42B,$14.95B,2.81%,$3877,$2885,$992,$72,$490,$3559,$318,$-131,$187,$98,$89,$89,$77,$645,$318,$777,784,$0.10,$0.10,$582,$3317,$1422,$8927,$7460,$266,$3905,$169,$11800,$20727,$4878,$7004,$903,$7907,$12785,$1,$2902,$-430,$7942,$20727,$-76,$1033,$424,$1457,$21,$-146,$-189,$-688,$-1002,$379,$-1045,$0,$795,$0,$0,$0,$0,$-250,$-49,$46,$-3,$0,$0,$0,$10,$7,$147,$44,$0
17,2014-06-30,23.0,$10.41,2.21,$19.16,1.2,$-2.98,0.0,$-0.56,0.0,$9.72B,$5.80B,1.68,$7.02B,$8.05B,0.87,$14.87B,$3.03B,20.36%,$14.87B,$0.34B,2.31%,$14.87B,$0.34B,2.31%,$14.87B,$1.77B,11.87%,$14.87B,$-0.24B,-1.62%,$14.87B,$-0.44B,-2.93%,$-0.44B,$8.05B,-5.30%,$-0.44B,$4.01B,-10.71%,$-0.44B,$21.81B,-1.96%,$0.34B,$15.07B,2.26%,$3711,$2829,$882,$75,$455,$3686,$25,$-147,$-122,$11,$-133,$-133,$-145,$380,$25,$777,777,$-0.19,$-0.19,$571,$3365,$2148,$9718,$7588,$262,$4044,$201,$12095,$21813,$5801,$7021,$941,$7962,$13763,$1,$2825,$-223,$8050,$21813,$-165,$706,$317,$1023,$32,$-70,$-155,$-636,$-829,$29,$-662,$0,$40,$0,$0,$0,$0,$-622,$-36,$738,$702,$0,$0,$0,$20,$722,$136,$31,$0
18,2014-03-31,17.36,$10.38,1.67,$19.40,0.89,$-2.95,0.0,$-0.52,0.0,$8.86B,$5.82B,1.52,$7.04B,$7.97B,0.88,$15.02B,$2.89B,19.22%,$15.02B,$0.37B,2.49%,$15.02B,$0.37B,2.49%,$15.02B,$1.78B,11.86%,$15.02B,$-0.21B,-1.40%,$15.02B,$-0.41B,-2.72%,$-0.41B,$7.97B,-4.92%,$-0.41B,$3.73B,-10.03%,$-0.41B,$21.83B,-1.83%,$0.37B,$15.01B,2.43%,$3596,$2839,$757,$69,$488,$3466,$130,$-135,$-5,$27,$-32,$-32,$-41,$481,$130,$776,776,$-0.05,$-0.05,$367,$3403,$1065,$8860,$8213,$297,$4241,$219,$12970,$21830,$5817,$7039,$1003,$8042,$13859,$777,$2970,$-389,$7971,$21830,$-32,$351,$86,$437,$-167,$-65,$-52,$-527,$-811,$-406,$-286,$0,$12,$0,$0,$0,$0,$-274,$-17,$625,$608,$0,$0,$0,$-3,$605,$-68,$15,$0
19,2013-12-31,15.49,$10.69,1.45,$19.73,0.78,$-2.59,0.0,$-0.44,0.0,$9.93B,$5.76B,1.73,$7.06B,$8.20B,0.86,$15.26B,$2.96B,19.40%,$15.26B,$0.52B,3.43%,$15.26B,$0.52B,3.43%,$15.26B,$1.93B,12.61%,$15.26B,$-0.17B,-1.11%,$15.26B,$-0.35B,-2.26%,$-0.35B,$8.20B,-4.07%,$-0.35B,$4.35B,-8.24%,$-0.35B,$21.98B,-1.53%,$0.52B,$15.26B,3.37%,$3738,$3134,$604,$62,$610,$3788,$-50,$-144,$-194,$70,$-264,$-264,$-271,$313,$-50,$772,772,$-0.36,$-0.36,$435,$3200,$2656,$9934,$7689,$296,$3856,$202,$12043,$21977,$5757,$7061,$956,$8017,$13774,$775,$3011,$-187,$8203,$21977,$-314,$1402,$405,$1807,$-12,$129,$69,$-450,$-264,$1229,$-1575,$0,$471,$0,$0,$0,$0,$-1104,$-600,$612,$12,$0,$0,$0,$-6,$6,$135,$66,$0
20,2013-09-30,15.33,$10.22,1.5,$20.20,0.76,$-3.39,0.0,$-0.25,0.0,$9.07B,$6.15B,1.48,$7.07B,$8.58B,0.82,$15.58B,$3.20B,20.52%,$15.58B,$0.82B,5.25%,$15.58B,$0.82B,5.25%,$15.58B,$2.20B,14.12%,$15.58B,$0.11B,0.73%,$15.58B,$-0.20B,-1.26%,$-0.20B,$8.58B,-2.27%,$-0.20B,$4.16B,-4.73%,$-0.20B,$22.94B,-0.86%,$0.82B,$15.65B,5.21%,$3820,$3036,$784,$65,$480,$3581,$239,$-159,$80,$49,$31,$31,$22,$591,$239,$773,779,$0.03,$0.03,$316,$3580,$811,$9073,$8397,$686,$4421,$360,$13864,$22937,$6151,$7065,$1140,$8205,$14356,$775,$3282,$-63,$8581,$22937,$-50,$1039,$92,$1131,$-308,$3,$90,$-299,$-514,$567,$-1211,$0,$60,$0,$0,$0,$0,$-1151,$-329,$932,$603,$0,$0,$0,$1,$604,$16,$45,$0
21,2013-06-30,13.7,$10.05,1.36,$20.25,0.68,$-4.06,0.0,$-0.19,0.0,$8.95B,$5.95B,1.5,$7.09B,$8.44B,0.84,$15.58B,$3.27B,20.96%,$15.58B,$0.89B,5.74%,$15.58B,$0.89B,5.74%,$15.58B,$2.25B,14.46%,$15.58B,$0.20B,1.26%,$15.58B,$-0.15B,-0.95%,$-0.15B,$8.44B,-1.70%,$-0.15B,$4.04B,-3.55%,$-0.15B,$22.63B,-0.65%,$0.89B,$15.53B,5.65%,$3868,$3126,$742,$71,$463,$3813,$55,$-146,$-91,$20,$-111,$-111,$-118,$396,$55,$770,770,$-0.15,$-0.15,$295,$3637,$819,$8948,$8333,$671,$4402,$278,$13684,$22632,$5950,$7087,$1156,$8243,$14193,$775,$3260,$-159,$8439,$22632,$-81,$687,$8,$695,$-50,$48,$122,$-493,$-373,$241,$-846,$0,$56,$0,$0,$0,$0,$-790,$-310,$854,$544,$0,$0,$0,$4,$548,$-5,$27,$0
22,2013-03-31,12.14,$10.35,1.17,$20.12,0.6,$-4.34,0.0,$-1.15,0.0,$9.06B,$5.75B,1.57,$7.03B,$8.70B,0.81,$15.46B,$3.30B,21.34%,$15.46B,$0.21B,1.34%,$15.46B,$0.21B,1.34%,$15.46B,$1.54B,9.93%,$15.46B,$-0.49B,-3.19%,$15.46B,$-0.88B,-5.69%,$-0.88B,$8.70B,-10.03%,$-0.88B,$4.21B,-21.07%,$-0.88B,$22.68B,-3.91%,$0.21B,$15.73B,1.30%,$3837,$3006,$831,$67,$491,$3558,$279,$-244,$35,$5,$30,$30,$22,$625,$279,$769,773,$0.03,$0.03,$286,$3744,$806,$9057,$8299,$660,$4485,$180,$13624,$22681,$5754,$7032,$1197,$8229,$13983,$775,$3378,$14,$8698,$22681,$30,$346,$94,$440,$-108,$-89,$130,$-414,$-481,$-11,$-400,$0,$80,$0,$0,$0,$0,$-320,$-304,$625,$321,$0,$0,$0,$-3,$318,$-14,$11,$0
23,2012-12-31,11.19,$11.59,0.97,$19.84,0.56,$-4.30,0.0,$-1.02,0.0,$9.03B,$5.71B,1.58,$7.05B,$8.82B,0.8,$15.22B,$3.36B,22.08%,$15.22B,$0.30B,1.96%,$15.22B,$0.30B,1.96%,$15.22B,$1.58B,10.38%,$15.22B,$-0.29B,-1.89%,$15.22B,$-0.78B,-5.11%,$-0.78B,$8.82B,-8.63%,$-0.78B,$4.18B,-18.26%,$-0.78B,$22.80B,-3.50%,$0.30B,$15.87B,1.87%,$4058,$3217,$841,$63,$533,$3813,$245,$-156,$89,$203,$-114,$-114,$-122,$588,$245,$765,765,$-0.16,$-0.16,$300,$3675,$793,$9029,$8299,$646,$4637,$184,$13766,$22795,$5710,$7049,$1218,$8267,$13977,$775,$3356,$163,$8818,$22795,$-750,$1282,$1011,$2293,$-705,$-738,$543,$578,$-322,$1221,$-2177,$0,$-129,$0,$0,$0,$0,$-2306,$1003,$-13,$990,$65,$65,$0,$-43,$1012,$-71,$76,$0
24,2012-09-30,12.68,$11.66,1.09,$19.42,0.65,$-3.93,0.0,$-0.84,0.0,$9.10B,$5.33B,1.71,$7.30B,$8.92B,0.82,$14.87B,$3.43B,23.09%,$14.87B,$0.45B,3.02%,$14.87B,$0.45B,3.02%,$14.87B,$1.68B,11.28%,$14.87B,$-0.13B,-0.89%,$14.87B,$-0.67B,-4.50%,$-0.67B,$8.92B,-7.31%,$-0.67B,$4.26B,-15.67%,$-0.67B,$22.78B,-3.07%,$0.45B,$16.22B,2.83%,$3819,$2967,$852,$68,$469,$3504,$315,$-152,$163,$86,$77,$77,$70,$644,$315,$767,771,$0.09,$0.09,$365,$3676,$839,$9099,$8122,$642,$4653,$265,$13682,$22781,$5326,$7300,$1240,$8540,$13866,$775,$3478,$163,$8915,$22781,$-636,$939,$1033,$1972,$-739,$-753,$474,$198,$-820,$516,$-1670,$0,$-180,$0,$0,$0,$33,$-1817,$1002,$257,$1259,$65,$65,$0,$-30,$1294,$-6,$54,$0
25,2012-06-30,12.63,$11.26,1.12,$18.90,0.67,$-3.61,0.0,$-0.68,0.0,$8.50B,$4.59B,1.85,$7.31B,$8.61B,0.85,$14.42B,$3.47B,24.07%,$14.42B,$0.54B,3.77%,$14.42B,$0.54B,3.77%,$14.42B,$1.73B,11.99%,$14.42B,$-0.03B,-0.19%,$14.42B,$-0.62B,-4.29%,$-0.62B,$8.61B,-6.58%,$-0.62B,$4.03B,-14.02%,$-0.62B,$21.70B,-2.90%,$0.54B,$15.92B,3.43%,$3747,$2971,$776,$64,$479,$4379,$-632,$-148,$-780,$63,$-843,$-843,$-849,$-321,$-632,$765,765,$-1.11,$-1.11,$381,$3399,$828,$8501,$7733,$629,$4581,$259,$13202,$21703,$4594,$7311,$1187,$8498,$13092,$775,$3408,$-52,$8611,$21703,$-713,$610,$895,$1505,$-380,$-374,$63,$184,$-507,$285,$-1098,$0,$-170,$0,$0,$0,$16,$-1252,$1013,$-86,$927,$65,$65,$0,$-12,$980,$10,$37,$0
26,2012-03-31,15.09,$12.63,1.19,$18.03,0.84,$-3.41,0.0,$0.58,26.02,$8.09B,$4.90B,1.65,$5.99B,$9.73B,0.62,$13.72B,$3.48B,25.34%,$13.72B,$1.47B,10.70%,$13.72B,$1.47B,10.70%,$13.72B,$2.63B,19.13%,$13.72B,$0.91B,6.62%,$13.72B,$0.28B,2.05%,$0.28B,$9.73B,2.90%,$0.28B,$4.57B,6.11%,$0.28B,$21.76B,1.34%,$1.47B,$15.71B,9.22%,$3591,$2700,$891,$62,$459,$3221,$370,$-130,$240,$110,$130,$130,$123,$669,$370,$760,766,$0.16,$0.16,$339,$3301,$816,$8087,$7591,$634,$5152,$291,$13668,$21755,$4900,$5989,$1141,$7130,$12030,$775,$4257,$262,$9725,$21755,$130,$299,$31,$330,$-110,$-157,$87,$-140,$-320,$140,$-514,$0,$-15,$0,$0,$0,$5,$-524,$1,$285,$286,$65,$65,$0,$-2,$349,$-32,$22,$0
27,2011-12-31,14.64,$12.48,1.17,$17.11,0.86,$-3.62,0.0,$0.50,29.28,$7.73B,$4.28B,1.81,$6.29B,$9.35B,0.67,$12.99B,$3.31B,25.49%,$12.99B,$1.31B,10.06%,$12.99B,$1.31B,10.06%,$12.99B,$2.44B,18.81%,$12.99B,$0.75B,5.75%,$12.99B,$0.19B,1.46%,$0.19B,$9.35B,1.94%,$0.19B,$4.21B,4.06%,$0.19B,$21.05B,0.92%,$1.31B,$15.63B,8.14%,$3710,$2796,$914,$64,$454,$3314,$396,$-152,$244,$251,$-7,$-7,$-13,$685,$396,$753,760,$-0.02,$-0.02,$371,$3158,$695,$7731,$7287,$616,$5134,$283,$13320,$21051,$4283,$6286,$1137,$7423,$11706,$769,$4134,$80,$9345,$21051,$205,$1136,$266,$1402,$-623,$-606,$242,$232,$-755,$852,$-1524,$0,$-135,$0,$0,$0,$-15,$-1674,$-194,$992,$798,$0,$0,$0,$-21,$777,$-45,$87,$0
28,2011-09-30,12.21,$12.94,0.94,$16.16,0.76,$-2.49,0.0,$0.41,29.78,$7.60B,$4.04B,1.88,$6.27B,$9.90B,0.63,$12.20B,$3.18B,26.10%,$12.20B,$1.20B,9.81%,$12.20B,$1.20B,9.81%,$12.20B,$2.32B,18.98%,$12.20B,$0.61B,5.02%,$12.20B,$0.01B,0.06%,$0.01B,$9.90B,0.07%,$0.01B,$4.82B,0.15%,$0.01B,$20.67B,0.03%,$1.20B,$16.16B,7.45%,$3370,$2480,$890,$59,$421,$2960,$410,$-141,$269,$145,$124,$124,$121,$696,$410,$754,760,$0.16,$0.16,$274,$3072,$807,$7595,$7141,$600,$5073,$259,$13073,$20667,$4038,$6266,$466,$6733,$10771,$769,$4700,$81,$9897,$20667,$212,$847,$-62,$785,$-539,$-517,$240,$48,$-768,$229,$-1120,$0,$-98,$0,$0,$0,$9,$-1209,$-5,$836,$831,$0,$0,$0,$7,$838,$-142,$66,$0
29,2011-06-30,18.75,$13.05,1.44,$15.10,1.24,$-1.30,0.0,$0.35,53.57,$7.37B,$3.78B,1.95,$6.26B,$9.92B,0.63,$11.36B,$2.93B,25.77%,$11.36B,$1.06B,9.35%,$11.36B,$1.06B,9.35%,$11.36B,$2.16B,19.04%,$11.36B,$0.50B,4.37%,$11.36B,$-0.02B,-0.17%,$-0.02B,$9.92B,-0.20%,$-0.02B,$4.85B,-0.40%,$-0.02B,$20.51B,-0.10%,$1.06B,$16.18B,6.56%,$3052,$2269,$783,$62,$429,$2760,$292,$-136,$156,$100,$56,$56,$51,$575,$292,$751,758,$0.07,$0.07,$330,$2939,$802,$7365,$7245,$559,$5070,$266,$13139,$20505,$3775,$6257,$552,$6808,$10583,$763,$4518,$349,$9921,$20505,$88,$561,$-50,$511,$-321,$-319,$160,$-29,$-509,$90,$-743,$0,$-58,$0,$0,$0,$15,$-786,$3,$601,$604,$0,$0,$0,$1,$605,$-86,$48,$0
30,2011-03-31,22.6,$12.78,1.77,$14.35,1.58,$-0.49,0.0,$0.16,141.25,$6.90B,$2.99B,2.31,$6.53B,$9.71B,0.67,$10.75B,$2.78B,25.82%,$10.75B,$0.88B,8.14%,$10.75B,$0.88B,8.14%,$10.75B,$1.95B,18.16%,$10.75B,$0.34B,3.13%,$10.75B,$-0.12B,-1.10%,$-0.12B,$9.71B,-1.23%,$-0.12B,$4.72B,-2.52%,$-0.12B,$19.82B,-0.61%,$0.88B,$16.24B,5.45%,$2856,$2133,$723,$60,$454,$2647,$209,$-131,$78,$46,$32,$32,$30,$487,$209,$747,758,$0.04,$0.04,$249,$2760,$695,$6896,$7117,$552,$4996,$262,$12926,$19822,$2992,$6526,$591,$7117,$10110,$763,$4408,$331,$9712,$19822,$32,$278,$28,$306,$-235,$-144,$79,$-212,$-512,$-174,$-356,$0,$-25,$0,$0,$0,$2,$-379,$-5,$385,$380,$0,$0,$0,$1,$381,$-167,$23,$0
31,2010-12-31,22.8,$12.41,1.84,$13.74,1.66,$-0.10,0.0,$0.03,760.0,$6.50B,$2.70B,2.41,$6.53B,$9.12B,0.72,$10.22B,$2.63B,25.74%,$10.22B,$0.77B,7.57%,$10.22B,$0.77B,7.57%,$10.22B,$1.82B,17.83%,$10.22B,$0.20B,1.93%,$10.22B,$-0.22B,-2.11%,$-0.22B,$9.12B,-2.24%,$-0.22B,$4.11B,-4.58%,$-0.22B,$19.20B,-1.12%,$0.77B,$15.65B,4.87%,$2923,$2135,$788,$59,$443,$2637,$286,$-176,$110,$299,$-189,$-189,$-195,$558,$286,$743,743,$-0.27,$-0.27,$416,$2590,$603,$6495,$6945,$540,$5007,$212,$12704,$19199,$2701,$6530,$850,$7380,$10081,$761,$3949,$202,$9118,$19199,$-199,$1048,$393,$1441,$-190,$-359,$298,$164,$-87,$1155,$-977,$0,$-170,$0,$0,$0,$239,$-908,$859,$-834,$25,$0,$0,$0,$-90,$-65,$163,$99,$0
32,2010-09-30,17.1,$13.17,1.3,$13.17,1.3,$-1.67,0.0,$0.06,285.0,$7.18B,$2.77B,2.6,$6.70B,$9.99B,0.67,$9.73B,$2.40B,24.65%,$9.73B,$0.56B,5.77%,$9.73B,$0.56B,5.77%,$9.73B,$1.59B,16.37%,$9.73B,$0.05B,0.53%,$9.73B,$-0.22B,-2.24%,$-0.22B,$9.99B,-2.24%,$-0.22B,$5.10B,-4.52%,$-0.22B,$19.88B,-1.14%,$0.56B,$16.68B,3.55%,$2530,$1896,$634,$54,$304,$2254,$275,$-122,$153,$54,$99,$99,$95,$543,$275,$746,751,$0.13,$0.13,$951,$2493,$944,$7184,$6931,$538,$4884,$348,$12700,$19884,$2768,$6695,$435,$7130,$9898,$761,$4895,$143,$9987,$19884,$-10,$775,$110,$886,$-59,$-274,$176,$17,$-140,$736,$-718,$0,$-81,$0,$0,$0,$233,$-566,$1397,$-841,$555,$0,$0,$0,$-7,$548,$699,$75,$0
33,2010-06-30,13.14,$12.76,1.03,$12.73,1.03,$-3.05,0.0,$-0.02,0.0,$6.32B,$2.75B,2.3,$6.01B,$9.68B,0.62,$9.35B,$2.31B,24.65%,$9.35B,$0.44B,4.66%,$9.35B,$0.44B,4.66%,$9.35B,$1.44B,15.38%,$9.35B,$-0.05B,-0.56%,$9.35B,$-0.24B,-2.52%,$-0.24B,$9.68B,-2.45%,$-0.24B,$4.80B,-4.96%,$-0.24B,$18.82B,-1.26%,$0.44B,$15.68B,2.81%,$2437,$1807,$630,$54,$472,$2332,$105,$-110,$-5,$40,$-45,$-45,$-48,$364,$105,$743,743,$-0.06,$-0.06,$223,$2371,$995,$6319,$6775,$540,$4879,$303,$12496,$18815,$2751,$6005,$384,$6389,$9140,$761,$4751,$-1,$9675,$18815,$-109,$508,$148,$656,$-33,$-170,$116,$-52,$-139,$408,$-449,$0,$-65,$0,$0,$0,$176,$-338,$162,$-242,$-80,$0,$0,$0,$3,$-77,$-30,$50,$0
34,2010-03-31,15.86,$12.89,1.23,$12.26,1.29,$-3.94,0.0,$0.08,198.25,$6.33B,$2.95B,2.14,$5.85B,$9.78B,0.6,$8.91B,$2.23B,25.00%,$8.91B,$0.48B,5.43%,$8.91B,$0.48B,5.43%,$8.91B,$1.44B,16.18%,$8.91B,$0.01B,0.10%,$8.91B,$-0.15B,-1.64%,$-0.15B,$9.78B,-1.55%,$-0.15B,$4.87B,-3.12%,$-0.15B,$18.96B,-0.79%,$0.48B,$15.62B,3.17%,$2331,$1752,$579,$49,$422,$2224,$108,$-168,$-61,$3,$-64,$-64,$-68,$357,$108,$738,738,$-0.09,$-0.09,$207,$2316,$890,$6328,$6884,$539,$4903,$305,$12630,$18958,$2953,$5845,$384,$6228,$9182,$761,$4777,$94,$9776,$18958,$-64,$250,$52,$302,$-212,$-99,$129,$-50,$-232,$5,$-231,$0,$-53,$0,$0,$0,$130,$-154,$-2,$123,$121,$0,$0,$0,$3,$124,$-45,$23,$0
35,2009-12-31,17.91,$12.94,1.38,$12.31,1.45,$-4.22,0.0,$0.36,49.75,$5.98B,$3.00B,1.99,$5.85B,$9.44B,0.62,$8.83B,$2.37B,26.83%,$8.83B,$0.69B,7.78%,$8.83B,$0.69B,7.78%,$8.83B,$1.60B,18.07%,$8.83B,$0.28B,3.12%,$8.83B,$0.09B,0.98%,$0.09B,$9.44B,0.95%,$0.09B,$4.51B,1.92%,$0.09B,$18.70B,0.49%,$0.69B,$15.29B,4.60%,$2432,$1877,$555,$52,$430,$2359,$73,$-108,$-35,$159,$-194,$-194,$-197,$329,$73,$715,723,$-0.29,$-0.28,$253,$2238,$721,$5982,$6989,$533,$4929,$263,$12715,$18697,$3001,$5847,$410,$6258,$9258,$761,$4457,$115,$9438,$18697,$113,$909,$-62,$847,$94,$-48,$41,$-440,$-353,$607,$-1569,$0,$58,$0,$0,$0,$0,$-1511,$1226,$-393,$833,$0,$0,$0,$74,$907,$14,$110,$0
36,2009-09-30,20.73,$12.81,1.62,$12.72,1.63,$-4.87,0.0,$0.90,23.03,$6.10B,$2.75B,2.22,$5.85B,$9.72B,0.6,$9.04B,$2.73B,30.21%,$9.04B,$1.12B,12.42%,$9.04B,$1.12B,12.42%,$9.04B,$1.98B,21.90%,$9.04B,$0.72B,7.96%,$9.04B,$0.53B,5.81%,$0.53B,$9.72B,5.92%,$0.53B,$4.84B,11.81%,$0.53B,$18.69B,3.02%,$1.12B,$15.57B,7.81%,$2150,$1609,$541,$49,$341,$2000,$150,$-101,$49,$-34,$83,$83,$77,$388,$150,$724,735,$0.11,$0.11,$307,$2308,$835,$6096,$6887,$541,$4877,$284,$12589,$18685,$2749,$5852,$368,$6220,$8969,$761,$4808,$47,$9717,$18685,$307,$653,$-169,$484,$211,$-122,$-96,$-508,$-516,$275,$-1270,$0,$-30,$0,$-27,$-27,$114,$-1213,$1230,$-238,$993,$0,$0,$0,$9,$1002,$68,$85,$0
37,2009-06-30,19.56,$12.12,1.61,$13.42,1.46,$-5.28,0.0,$1.32,14.82,$5.63B,$2.24B,2.52,$5.81B,$8.83B,0.66,$9.43B,$3.09B,32.77%,$9.43B,$1.51B,15.99%,$9.43B,$1.51B,15.99%,$9.43B,$2.31B,24.54%,$9.43B,$1.14B,12.05%,$9.43B,$0.82B,8.69%,$0.82B,$8.83B,9.60%,$0.82B,$4.49B,19.33%,$0.82B,$17.37B,4.89%,$1.51B,$14.64B,10.99%,$1995,$1443,$552,$46,$353,$1841,$153,$-97,$56,$5,$51,$51,$42,$367,$153,$700,709,$0.06,$0.06,$205,$2260,$729,$5634,$6533,$489,$4341,$369,$11731,$17366,$2240,$5805,$488,$6293,$8533,$729,$4731,$-102,$8833,$17366,$224,$415,$-2,$414,$286,$-132,$-57,$-436,$-340,$298,$-970,$0,$-65,$0,$0,$0,$41,$-995,$1230,$-565,$665,$0,$0,$0,$-4,$661,$-33,$55,$0
38,2009-03-31,11.07,$11.66,0.95,$13.78,0.8,$-5.06,0.0,$1.79,6.18,$5.69B,$2.05B,2.78,$5.80B,$8.50B,0.68,$9.66B,$3.31B,34.28%,$9.66B,$1.85B,19.16%,$9.66B,$1.85B,19.16%,$9.66B,$2.62B,27.07%,$9.66B,$1.51B,15.62%,$9.66B,$1.15B,11.88%,$1.15B,$8.50B,13.73%,$1.15B,$4.28B,27.78%,$1.15B,$16.95B,7.13%,$1.85B,$14.30B,13.99%,$2256,$1535,$722,$49,$362,$1945,$311,$-105,$206,$32,$174,$174,$165,$512,$311,$698,703,$0.24,$0.23,$162,$2232,$644,$5693,$6262,$515,$4214,$262,$11252,$16945,$2048,$5804,$597,$6402,$8449,$729,$4689,$-315,$8496,$16945,$174,$201,$8,$209,$153,$-148,$53,$-274,$-215,$168,$-584,$0,$-45,$0,$0,$0,$31,$-598,$1231,$-874,$357,$0,$0,$0,$-4,$353,$-77,$26,$0
39,2008-12-31,10.82,$12.21,0.89,$13.72,0.79,$-5.09,0.0,$1.94,5.58,$5.57B,$3.02B,1.84,$4.56B,$8.41B,0.54,$9.60B,$3.34B,34.75%,$9.60B,$1.96B,20.37%,$9.60B,$1.96B,20.37%,$9.60B,$2.69B,28.00%,$9.60B,$1.67B,17.35%,$9.60B,$1.25B,12.99%,$1.25B,$8.41B,15.28%,$1.25B,$4.17B,31.38%,$1.25B,$16.48B,8.05%,$1.96B,$12.97B,15.38%,$2635,$1720,$915,$54,$353,$2127,$508,$-100,$408,$158,$250,$250,$241,$712,$508,$683,698,$0.35,$0.34,$238,$2088,$530,$5570,$5922,$516,$4232,$236,$10906,$16477,$3022,$4564,$485,$5049,$8071,$729,$4563,$-267,$8405,$16477,$1281,$732,$-103,$629,$-461,$-560,$231,$-15,$-805,$1105,$-2484,$0,$-537,$0,$0,$0,$11,$-3010,$1478,$478,$1956,$0,$0,$0,$21,$1978,$68,$101,$0
40,2008-09-30,25.14,$11.51,2.18,$13.10,1.92,$-4.22,0.0,$1.92,13.13,$5.51B,$2.64B,2.09,$4.54B,$8.38B,0.54,$9.16B,$3.19B,34.78%,$9.16B,$1.91B,20.86%,$9.16B,$1.91B,20.86%,$9.16B,$2.61B,28.45%,$9.16B,$1.67B,18.19%,$9.16B,$1.34B,14.60%,$1.34B,$8.38B,16.90%,$1.34B,$4.00B,35.24%,$1.34B,$16.20B,9.12%,$1.91B,$12.93B,15.80%,$2541,$1641,$900,$52,$313,$2006,$535,$-69,$466,$83,$383,$383,$371,$722,$535,$683,701,$0.54,$0.53,$337,$2022,$723,$5507,$5515,$485,$4385,$306,$10692,$16199,$2640,$4544,$554,$5176,$7816,$728,$4176,$277,$8383,$16199,$1031,$528,$-78,$450,$-403,$-427,$147,$-215,$-897,$584,$-1822,$0,$-688,$0,$-3,$-3,$302,$-2211,$1483,$296,$1778,$0,$0,$0,$15,$1793,$166,$75,$0
41,2008-06-30,49.59,$11.22,4.42,$12.31,4.03,$-3.28,0.0,$1.81,27.47,$4.93B,$1.45B,3.4,$4.54B,$8.17B,0.56,$8.59B,$2.98B,34.74%,$8.59B,$1.80B,20.90%,$8.59B,$1.80B,20.90%,$8.59B,$2.46B,28.66%,$8.59B,$1.57B,18.29%,$8.59B,$1.26B,14.66%,$1.26B,$8.17B,16.59%,$1.26B,$4.07B,35.16%,$1.26B,$14.80B,9.17%,$1.80B,$12.71B,15.75%,$2229,$1454,$775,$44,$315,$1732,$497,$-68,$429,$58,$371,$371,$371,$669,$497,$682,702,$0.54,$0.53,$268,$1909,$639,$4928,$4980,$474,$4095,$321,$9869,$14797,$1449,$4540,$573,$5179,$6628,$728,$3805,$468,$8169,$14797,$648,$341,$-71,$270,$-115,$-288,$45,$-178,$-537,$381,$-889,$0,$-167,$0,$0,$0,$2,$-1054,$1486,$-729,$757,$0,$0,$0,$13,$770,$97,$48,$0
42,2008-03-31,36.24,$10.57,3.43,$11.74,3.09,$-3.14,0.0,$1.52,23.92,$5.10B,$1.66B,3.07,$4.56B,$7.69B,0.59,$8.18B,$2.83B,34.64%,$8.18B,$1.63B,19.88%,$8.18B,$1.63B,19.88%,$8.18B,$2.27B,27.70%,$8.18B,$1.43B,17.47%,$8.18B,$1.05B,12.88%,$1.05B,$7.69B,14.63%,$1.05B,$3.65B,32.35%,$1.05B,$14.48B,8.12%,$1.63B,$12.26B,15.27%,$2196,$1450,$746,$43,$288,$1780,$416,$-52,$363,$74,$290,$290,$264,$585,$416,$680,697,$0.39,$0.38,$626,$1768,$602,$5101,$4583,$463,$4038,$298,$9383,$14484,$1661,$4564,$568,$5131,$6793,$364,$3434,$435,$7691,$14484,$264,$169,$26,$195,$0,$-152,$59,$-218,$-310,$149,$-589,$0,$-116,$0,$0,$0,$112,$-592,$1487,$-585,$902,$0,$0,$0,$-4,$899,$456,$23,$0
43,2007-12-31,34.3,$10.19,3.37,$11.27,3.04,$-2.78,0.0,$1.54,22.27,$4.47B,$2.20B,2.03,$3.07B,$7.41B,0.41,$7.83B,$2.77B,35.42%,$7.83B,$1.63B,20.75%,$7.83B,$1.63B,20.75%,$7.83B,$2.23B,28.49%,$7.83B,$1.45B,18.45%,$7.83B,$1.07B,13.67%,$1.07B,$7.41B,15.60%,$1.07B,$3.45B,35.45%,$1.07B,$13.19B,8.92%,$1.63B,$10.47B,17.00%,$2192,$1428,$764,$45,$258,$1730,$462,$-54,$408,$66,$342,$357,$331,$629,$462,$677,696,$0.50,$0.48,$171,$1608,$566,$4472,$4154,$369,$3955,$241,$8719,$13191,$2202,$3066,$285,$3582,$5784,$727,$3170,$438,$7407,$13191,$1090,$606,$40,$646,$-296,$-417,$75,$-117,$-864,$873,$-1635,$0,$-214,$0,$-335,$-335,$-49,$-2233,$1471,$118,$1589,$-212,$-212,$0,$25,$1402,$44,$65,$0
44,2007-09-30,33.59,$9.75,3.45,$10.66,3.15,$-1.58,0.0,$1.46,23.09,$4.17B,$1.73B,2.41,$3.07B,$7.08B,0.43,$7.45B,$2.67B,35.84%,$7.45B,$1.55B,20.76%,$7.45B,$1.55B,20.76%,$7.45B,$2.11B,28.38%,$7.45B,$1.39B,18.60%,$7.45B,$1.01B,13.59%,$1.01B,$7.08B,15.43%,$1.01B,$3.15B,36.12%,$1.01B,$12.44B,9.00%,$1.55B,$10.15B,17.42%,$1972,$1273,$699,$43,$236,$1552,$420,$-49,$371,$70,$300,$295,$293,$579,$420,$676,696,$0.43,$0.42,$126,$1639,$539,$4172,$3808,$356,$3935,$169,$8267,$12439,$1733,$3065,$330,$3625,$5358,$363,$2839,$365,$7082,$12439,$740,$439,$172,$611,$0,$-405,$38,$-462,$-829,$521,$-1097,$0,$-243,$0,$-335,$-335,$38,$-1637,$1475,$-228,$1247,$-149,$-149,$0,$17,$1115,$-0,$57,$0
45,2007-06-30,27.62,$9.12,3.03,$10.23,2.7,$-0.74,0.0,$1.37,20.23,$3.88B,$1.51B,2.56,$3.07B,$6.62B,0.46,$7.17B,$2.59B,36.09%,$7.17B,$1.49B,20.76%,$7.17B,$1.49B,20.76%,$7.17B,$2.02B,28.19%,$7.17B,$1.35B,18.82%,$7.17B,$0.95B,13.29%,$0.95B,$6.62B,15.18%,$0.95B,$2.77B,36.81%,$0.95B,$11.73B,8.98%,$1.49B,$9.69B,18.11%,$1816,$1192,$623,$41,$255,$1489,$327,$-41,$286,$105,$181,$176,$165,$472,$327,$677,696,$0.24,$0.24,$116,$1516,$505,$3876,$3491,$358,$3846,$158,$7853,$11729,$1513,$3072,$300,$3601,$5114,$363,$2546,$237,$6615,$11729,$447,$280,$124,$404,$0,$-274,$9,$-320,$-585,$266,$-673,$0,$-225,$0,$-332,$-332,$18,$-1211,$1483,$-390,$1094,$-166,$-166,$0,$7,$934,$-11,$37,$0
46,2007-03-31,22.55,$8.78,2.57,$9.76,2.31,$-0.07,0.0,$1.39,16.28,$3.61B,$2.41B,1.5,$1.57B,$6.36B,0.25,$6.90B,$2.51B,36.34%,$6.90B,$1.46B,21.20%,$6.90B,$1.46B,21.20%,$6.90B,$1.97B,28.49%,$6.90B,$1.33B,19.30%,$6.90B,$0.98B,14.14%,$0.98B,$6.36B,15.95%,$0.98B,$2.72B,38.98%,$0.98B,$10.68B,9.76%,$1.46B,$7.93B,19.40%,$1852,$1164,$688,$41,$232,$1437,$416,$-36,$380,$91,$288,$284,$282,$551,$416,$678,693,$0.42,$0.41,$109,$1373,$421,$3607,$3254,$0,$3640,$177,$7071,$10678,$2408,$1570,$233,$1912,$4321,$362,$2381,$124,$6357,$10678,$282,$136,$-3,$132,$-137,$-135,$58,$-44,$-258,$156,$-347,$0,$-62,$0,$0,$0,$13,$-395,$2,$339,$341,$-121,$-121,$0,$3,$223,$-17,$17,$0
47,2006-12-31,20.9,$8.53,2.45,$9.23,2.26,$0.19,108.88,$1.27,16.52,$3.39B,$2.04B,1.66,$1.57B,$6.18B,0.25,$6.58B,$2.37B,35.96%,$6.58B,$1.35B,20.56%,$6.58B,$1.35B,20.56%,$6.58B,$1.84B,27.92%,$6.58B,$1.24B,18.83%,$6.58B,$0.90B,13.62%,$0.90B,$6.18B,14.98%,$0.90B,$2.57B,37.08%,$0.90B,$10.14B,9.40%,$1.35B,$7.74B,18.65%,$1808,$1149,$659,$37,$232,$1424,$383,$-35,$348,$67,$282,$278,$272,$512,$383,$692,710,$0.39,$0.39,$126,$1239,$321,$3392,$2979,$31,$3600,$137,$6747,$10139,$2043,$1565,$220,$1921,$3964,$362,$2099,$119,$6175,$10139,$896,$483,$75,$558,$-299,$-338,$27,$-11,$-367,$1087,$-1011,$0,$-226,$0,$14,$14,$-20,$-1242,$732,$-109,$623,$-493,$-493,$0,$16,$145,$-8,$63,$0
