,Date,Stock Price,Book Value per Share,Price to Book Ratio,TTM Sales per Share,Price to Sales Ratio,TTM FCF per Share,Price to FCF Ratio,TTM Net EPS,PE Ratio,Current Assets,Current Liabilities,Current Ratio,Long Term Debt,Shareholder's Equity_x,Debt to Equity Ratio,TTM Revenue_x,TTM Gross Profit,Gross Margin,TTM Revenue_y,TTM Operating Income,Operating Margin,TTM Revenue_x,TTM EBIT,EBIT Margin,TTM Revenue_y,TTM EBITDA,EBITDA Margin,TTM Revenue_x,TTM Pre-Tax Income,Pre-Tax Margin,TTM Revenue_y,TTM Net Income_x,Net Margin,TTM Net Income_y,Shareholder's Equity_y,Return on Equity,TTM Net Income_x,Tangible Equity,Return on Tangible Equity,TTM Net Income_y,Total Assets,Return on Assets,TTM Net Income,LT Investments & Debt,Return on Investment,revenue,cost-goods-sold,gross-profit,research-development-expenses,selling-general-administrative-expenses,operating-expenses,operating-income,total-non-operating-income-expense,pre-tax-income,total-provision-income-taxes,income-after-taxes,income-from-continuous-operations,net-income,ebitda,ebit,basic-shares-outstanding,shares-outstanding,eps-basic-net-earnings-per-share,eps-earnings-per-share-diluted,cash-on-hand,inventory,other-current-assets,total-current-assets,net-property-plant-equipment,long-term-investments,goodwill-intangible-assets-total,other-long-term-assets,total-long-term-assets,total-assets,total-current-liabilities,long-term-debt,other-non-current-liabilities,total-long-term-liabilities,total-liabilities,common-stock-net,retained-earnings-accumulated-deficit,comprehensive-income,total-share-holder-equity,total-liabilities-share-holders-equity,net-income-loss,total-depreciation-amortization-cash-flow,other-non-cash-items,total-non-cash-items,change-in-accounts-receivable,change-in-inventories,change-in-accounts-payable,change-in-assets-liabilities,total-change-in-assets-liabilities,cash-flow-from-operating-activities,net-change-in-property-plant-equipment,net-change-in-intangible-assets,net-acquisitions-divestitures,net-change-in-short-term-investments,net-change-in-long-term-investments,net-change-in-investments-total,investing-activities-other,cash-flow-from-investing-activities,net-long-term-debt,net-current-debt,debt-issuance-retirement-net-total,net-common-equity-issued-repurchased,net-total-equity-issued-repurchased,total-common-preferred-stock-dividends-paid,financial-activities-other,cash-flow-from-financial-activities,net-cash-flow,stock-based-compensation,common-stock-dividends-paid
0,2018-08-31,36.95,$16.95,2.18,$63.43,0.58,$3.97,9.32,$3.22,11.48,$0.37B,$0.20B,1.82,$0.29B,$0.53B,0.55,$2.02B,$0.30B,14.93%,$2.02B,$0.16B,7.94%,$2.02B,$0.16B,7.94%,$2.02B,$0.18B,9.03%,$2.02B,$0.14B,7.09%,$2.02B,$0.10B,5.11%,$0.10B,$0.53B,20.86%,$0.10B,$-0.01B,1471.43%,$0.10B,$1.05B,10.54%,$0.16B,$0.83B,20.93%,$536,$452,$84,$0,$33,$491,$46,$-4,$42,$12,$30,$30,$30,$53,$46,$32,32,$0.94,$0.94,$2,$195,$0,$372,$101,$28,$540,$10,$680,$1052,$204,$291,$17,$313,$517,$26,$769,$1,$534,$1052,$102,$21,$17,$38,$-38,$-46,$-1,$20,$-57,$83,$-28,$0,$-81,$0,$0,$0,$-2,$-112,$15,$0,$15,$-6,$-6,$-13,$-1,$-5,$-34,$7,$-13
1,2018-05-31,36.16,$16.04,2.25,$61.36,0.59,$4.95,7.31,$3.07,11.78,$0.37B,$0.19B,1.96,$0.25B,$0.51B,0.5,$1.94B,$0.29B,15.04%,$1.94B,$0.16B,8.11%,$1.94B,$0.16B,8.11%,$1.94B,$0.18B,9.15%,$1.94B,$0.14B,7.18%,$1.94B,$0.10B,5.06%,$0.10B,$0.51B,20.82%,$0.10B,$0.04B,7840.00%,$0.10B,$0.97B,10.43%,$0.16B,$0.76B,21.32%,$562,$477,$86,$0,$35,$514,$48,$-4,$44,$12,$33,$33,$33,$53,$48,$32,32,$1.03,$1.02,$39,$177,$0,$374,$82,$28,$467,$7,$592,$966,$190,$252,$18,$269,$460,$26,$742,$1,$506,$966,$73,$14,$11,$25,$-21,$-36,$0,$-2,$-37,$61,$-18,$0,$0,$0,$0,$0,$-0,$-18,$-24,$0,$-24,$-6,$-6,$-10,$0,$-40,$3,$5,$-10
2,2018-02-28,43.32,$15.09,2.87,$58.69,0.74,$5.41,8.01,$2.66,16.29,$0.37B,$0.20B,1.91,$0.27B,$0.48B,0.57,$1.85B,$0.28B,14.93%,$1.85B,$0.14B,7.79%,$1.85B,$0.14B,7.79%,$1.85B,$0.17B,9.25%,$1.85B,$0.13B,6.76%,$1.85B,$0.08B,4.54%,$0.08B,$0.48B,18.74%,$0.08B,$0.01B,-357.45%,$0.08B,$0.97B,9.12%,$0.14B,$0.75B,20.01%,$468,$401,$68,$0,$30,$433,$35,$-5,$30,$8,$22,$22,$22,$40,$35,$32,32,$0.70,$0.69,$27,$178,$0,$373,$79,$28,$469,$7,$593,$965,$196,$271,$21,$292,$488,$26,$713,$1,$478,$965,$40,$9,$6,$15,$-31,$-36,$0,$-1,$-40,$15,$-11,$0,$0,$0,$0,$0,$-0,$-11,$-4,$0,$-4,$-1,$-1,$-6,$0,$-12,$-9,$4,$-6
3,2017-11-30,54.37,$14.43,3.77,$55.68,0.98,$5.24,10.37,$2.45,22.19,$0.34B,$0.18B,1.88,$0.27B,$0.46B,0.59,$1.75B,$0.26B,14.67%,$1.75B,$0.14B,7.82%,$1.75B,$0.14B,7.82%,$1.75B,$0.17B,9.82%,$1.75B,$0.12B,6.74%,$1.75B,$0.08B,4.39%,$0.08B,$0.46B,17.93%,$0.08B,$-0.01B,-165.59%,$0.08B,$0.93B,8.52%,$0.14B,$0.73B,19.23%,$450,$387,$63,$0,$30,$419,$31,$-5,$27,$9,$18,$18,$18,$36,$31,$32,32,$0.57,$0.57,$54,$152,$0,$335,$74,$28,$471,$6,$589,$925,$179,$268,$2,$290,$468,$26,$694,$-0,$457,$925,$18,$5,$3,$8,$7,$-10,$0,$-1,$4,$29,$-5,$0,$0,$0,$0,$0,$-0,$-5,$-4,$0,$-4,$-1,$-1,$0,$0,$-6,$19,$1,$0
4,2017-08-31,35.82,$13.98,2.56,$50.28,0.71,$4.35,8.24,$2.30,15.57,$0.31B,$0.17B,1.88,$0.27B,$0.44B,0.62,$1.55B,$0.22B,14.41%,$1.55B,$0.12B,8.02%,$1.55B,$0.12B,8.02%,$1.55B,$0.16B,10.21%,$1.55B,$0.11B,6.98%,$1.55B,$0.07B,4.59%,$0.07B,$0.44B,17.13%,$0.07B,$-0.03B,-102.53%,$0.07B,$0.90B,7.95%,$0.12B,$0.71B,17.36%,$455,$381,$74,$0,$28,$411,$43,$-5,$38,$13,$25,$25,$25,$48,$43,$31,31,$0.82,$0.81,$36,$142,$0,$314,$72,$27,$471,$5,$588,$903,$167,$272,$22,$294,$461,$26,$679,$-1,$442,$903,$71,$34,$-12,$22,$-25,$-6,$24,$4,$4,$97,$-14,$0,$-392,$0,$0,$0,$1,$-405,$284,$0,$284,$-2,$-2,$-13,$-11,$259,$-50,$3,$-13
5,2017-05-31,24.21,$13.18,1.84,$45.23,0.54,$2.68,9.03,$2.00,12.1,$0.30B,$0.18B,1.68,$0.28B,$0.42B,0.66,$1.36B,$0.18B,13.36%,$1.36B,$0.10B,7.38%,$1.36B,$0.10B,7.38%,$1.36B,$0.13B,9.59%,$1.36B,$0.09B,6.57%,$1.36B,$0.06B,4.35%,$0.06B,$0.42B,15.90%,$0.06B,$-0.06B,1242.11%,$0.06B,$0.89B,7.71%,$0.10B,$0.69B,16.58%,$476,$406,$71,$0,$25,$442,$35,$-5,$30,$10,$19,$19,$19,$47,$35,$32,32,$0.61,$0.61,$24,$144,$0,$298,$69,$27,$476,$6,$592,$890,$177,$275,$22,$297,$474,$26,$654,$-1,$416,$890,$46,$29,$-15,$14,$-21,$-7,$0,$-2,$7,$67,$-10,$0,$-395,$0,$0,$0,$1,$-404,$297,$0,$297,$-1,$-1,$-10,$-11,$275,$-61,$2,$-10
6,2017-02-28,32.48,$12.75,2.55,$40.28,0.81,$1.29,25.09,$1.92,16.92,$0.29B,$0.15B,1.94,$0.32B,$0.40B,0.79,$1.15B,$0.14B,12.16%,$1.15B,$0.09B,7.47%,$1.15B,$0.09B,7.47%,$1.15B,$0.11B,9.12%,$1.15B,$0.08B,6.95%,$1.15B,$0.05B,4.69%,$0.05B,$0.40B,16.28%,$0.05B,$-0.08B,63.91%,$0.05B,$0.90B,8.47%,$0.09B,$0.72B,17.37%,$371,$321,$49,$0,$22,$342,$28,$-5,$23,$8,$15,$15,$15,$41,$28,$32,32,$0.48,$0.48,$11,$148,$0,$294,$68,$27,$486,$6,$601,$895,$152,$318,$22,$340,$492,$26,$641,$-1,$403,$895,$27,$16,$-15,$1,$-22,$-11,$0,$-1,$-23,$5,$-7,$0,$-395,$0,$0,$0,$1,$-401,$340,$0,$340,$-1,$-1,$-6,$-11,$321,$-75,$2,$-6
7,2016-11-30,31.84,$12.60,2.53,$36.94,0.86,$0.42,76.19,$1.79,17.79,$0.27B,$0.13B,2.13,$0.34B,$0.40B,0.84,$1.01B,$0.12B,11.53%,$1.01B,$0.07B,7.16%,$1.01B,$0.07B,7.16%,$1.01B,$0.08B,7.85%,$1.01B,$0.07B,6.96%,$1.01B,$0.05B,4.77%,$0.05B,$0.40B,16.38%,$0.05B,$-0.11B,28.70%,$0.05B,$0.88B,9.53%,$0.07B,$0.73B,19.11%,$245,$216,$29,$0,$16,$227,$18,$-1,$17,$6,$12,$12,$12,$22,$18,$28,28,$0.42,$0.42,$26,$155,$0,$273,$67,$27,$502,$6,$609,$883,$128,$335,$2,$357,$485,$26,$629,$7,$397,$883,$12,$4,$-13,$-10,$16,$-18,$0,$-1,$-2,$-0,$-4,$0,$-395,$0,$0,$0,$1,$-397,$353,$0,$353,$-1,$-1,$-3,$-11,$338,$-60,$1,$-3
8,2016-08-31,23.53,$9.98,2.36,$36.08,0.65,$0.14,170.51,$1.69,13.92,$0.28B,$0.09B,3.02,$0.00B,$0.27B,0.0,$0.98B,$0.11B,11.49%,$0.98B,$0.07B,6.87%,$0.98B,$0.07B,6.87%,$0.98B,$0.07B,7.28%,$0.98B,$0.07B,6.77%,$0.98B,$0.05B,4.62%,$0.05B,$0.27B,17.66%,$0.05B,$0.27B,17.68%,$0.05B,$0.39B,12.12%,$0.07B,$0.27B,26.30%,$263,$231,$32,$0,$15,$244,$19,$0,$19,$6,$13,$13,$13,$20,$19,$27,27,$0.48,$0.48,$86,$123,$0,$281,$56,$26,$1,$8,$110,$391,$93,$0,$2,$29,$122,$26,$621,$11,$268,$391,$45,$6,$1,$7,$1,$-12,$11,$-0,$0,$53,$-25,$0,$0,$0,$0,$0,$1,$-23,$0,$0,$0,$-3,$-3,$-11,$-0,$-14,$15,$3,$-11
9,2016-05-31,21.92,$9.63,2.28,$35.62,0.62,$0.15,142.07,$1.63,13.45,$0.27B,$0.09B,2.95,$0.00B,$0.26B,0.0,$0.96B,$0.11B,11.21%,$0.96B,$0.07B,6.75%,$0.96B,$0.07B,6.75%,$0.96B,$0.07B,7.17%,$0.96B,$0.06B,6.65%,$0.96B,$0.04B,4.57%,$0.04B,$0.26B,18.11%,$0.04B,$0.26B,18.13%,$0.04B,$0.38B,12.09%,$0.07B,$0.26B,26.75%,$272,$242,$30,$0,$11,$251,$21,$0,$21,$6,$14,$14,$14,$22,$21,$27,27,$0.54,$0.53,$71,$130,$0,$274,$53,$27,$0,$9,$107,$380,$93,$0,$2,$28,$121,$26,$610,$13,$259,$380,$32,$4,$2,$6,$2,$-19,$0,$-3,$-7,$32,$-20,$0,$0,$0,$0,$0,$0,$-20,$0,$0,$0,$-3,$-3,$-8,$0,$-11,$1,$2,$-8
10,2016-02-29,18.14,$9.21,1.97,$35.41,0.51,$-0.12,0.0,$1.53,11.86,$0.25B,$0.08B,3.03,$0.00B,$0.25B,0.0,$0.96B,$0.11B,11.06%,$0.96B,$0.06B,6.26%,$0.96B,$0.06B,6.26%,$0.96B,$0.06B,6.68%,$0.96B,$0.06B,6.16%,$0.96B,$0.04B,4.38%,$0.04B,$0.25B,18.18%,$0.04B,$0.25B,18.22%,$0.04B,$0.36B,11.81%,$0.06B,$0.25B,25.97%,$226,$200,$25,$0,$13,$212,$14,$-0,$13,$4,$9,$9,$9,$15,$14,$27,27,$0.35,$0.35,$37,$134,$0,$254,$51,$27,$0,$9,$106,$360,$84,$0,$2,$29,$113,$26,$598,$14,$248,$360,$18,$3,$0,$3,$-9,$-23,$0,$-2,$-30,$-9,$-16,$0,$0,$0,$0,$0,$0,$-16,$0,$0,$0,$-3,$-3,$-5,$0,$-9,$-33,$1,$-5
11,2015-11-30,21.67,$9.03,2.4,$35.74,0.61,$-0.64,0.0,$1.48,14.64,$0.26B,$0.08B,3.22,$0.00B,$0.24B,0.0,$0.97B,$0.11B,10.86%,$0.97B,$0.06B,6.00%,$0.97B,$0.06B,6.00%,$0.97B,$0.06B,6.41%,$0.97B,$0.06B,6.00%,$0.97B,$0.04B,4.24%,$0.04B,$0.24B,18.68%,$0.04B,$0.24B,18.74%,$0.04B,$0.35B,11.68%,$0.06B,$0.24B,26.42%,$214,$189,$25,$0,$14,$201,$13,$0,$13,$4,$9,$9,$9,$14,$13,$27,27,$0.32,$0.32,$56,$136,$0,$258,$39,$26,$0,$10,$96,$354,$80,$0,$2,$30,$111,$26,$592,$15,$244,$354,$9,$1,$-0,$1,$7,$-24,$0,$-1,$-18,$-8,$-3,$0,$0,$0,$0,$0,$0,$-3,$0,$0,$0,$-1,$-1,$-3,$0,$-3,$-15,$1,$-3
12,2015-08-31,19.64,$8.20,2.4,$36.11,0.54,$-1.04,0.0,$1.53,12.83,$0.27B,$0.08B,3.26,$0.00B,$0.22B,0.0,$0.98B,$0.10B,10.64%,$0.98B,$0.06B,6.04%,$0.98B,$0.06B,6.04%,$0.98B,$0.06B,6.55%,$0.98B,$0.06B,6.04%,$0.98B,$0.04B,4.30%,$0.04B,$0.22B,20.24%,$0.04B,$0.22B,20.34%,$0.04B,$0.36B,11.96%,$0.06B,$0.22B,28.43%,$251,$223,$28,$0,$15,$234,$17,$0,$17,$5,$12,$12,$12,$18,$17,$27,27,$0.43,$0.42,$70,$112,$0,$266,$37,$26,$1,$9,$96,$362,$82,$0,$3,$60,$141,$26,$586,$-2,$221,$362,$41,$5,$3,$8,$2,$-1,$0,$-4,$-4,$45,$-17,$0,$0,$0,$0,$0,$-0,$-17,$0,$0,$0,$-7,$-7,$-10,$0,$-16,$12,$3,$-10
13,2015-05-31,20.75,$7.83,2.65,$35.76,0.58,$-1.54,0.0,$1.58,13.13,$0.25B,$0.07B,3.39,$0.00B,$0.21B,0.0,$0.97B,$0.11B,10.80%,$0.97B,$0.06B,6.17%,$0.97B,$0.06B,6.17%,$0.97B,$0.07B,6.69%,$0.97B,$0.06B,6.17%,$0.97B,$0.04B,4.42%,$0.04B,$0.21B,21.45%,$0.04B,$0.21B,21.55%,$0.04B,$0.35B,12.28%,$0.06B,$0.21B,29.93%,$267,$238,$28,$0,$12,$250,$16,$0,$16,$5,$12,$12,$12,$17,$16,$27,27,$0.43,$0.43,$49,$123,$0,$252,$35,$26,$1,$9,$95,$347,$74,$0,$3,$62,$136,$26,$577,$-3,$211,$347,$29,$3,$5,$8,$4,$-11,$0,$-3,$-19,$19,$-14,$0,$0,$0,$0,$0,$0,$-14,$0,$0,$0,$-6,$-6,$-7,$0,$-13,$-9,$2,$-7
14,2015-02-28,22.07,$7.50,2.94,$34.97,0.63,$-1.50,0.0,$1.57,14.06,$0.25B,$0.08B,3.3,$0.00B,$0.20B,0.0,$0.95B,$0.10B,10.81%,$0.95B,$0.06B,6.30%,$0.95B,$0.06B,6.30%,$0.95B,$0.07B,6.82%,$0.95B,$0.06B,6.30%,$0.95B,$0.04B,4.41%,$0.04B,$0.20B,21.68%,$0.04B,$0.20B,21.79%,$0.04B,$0.34B,12.05%,$0.06B,$0.20B,30.97%,$235,$210,$24,$0,$12,$223,$12,$0,$12,$4,$8,$8,$8,$13,$12,$27,27,$0.30,$0.30,$8,$150,$0,$252,$28,$26,$1,$10,$89,$341,$77,$0,$3,$62,$139,$26,$568,$-2,$202,$341,$18,$2,$8,$10,$-8,$-38,$0,$-2,$-62,$-34,$-5,$0,$0,$0,$0,$0,$0,$-5,$0,$0,$0,$-6,$-6,$-5,$0,$-11,$-50,$1,$-5
15,2014-11-30,23.83,$7.27,3.28,$34.54,0.69,$-1.17,0.0,$1.62,14.71,$0.27B,$0.09B,2.84,$0.00B,$0.20B,0.0,$0.95B,$0.10B,10.77%,$0.95B,$0.06B,6.55%,$0.95B,$0.06B,6.55%,$0.95B,$0.07B,7.07%,$0.95B,$0.06B,6.55%,$0.95B,$0.04B,4.65%,$0.04B,$0.20B,23.50%,$0.04B,$0.20B,23.62%,$0.04B,$0.36B,12.92%,$0.06B,$0.20B,33.11%,$224,$200,$24,$0,$10,$210,$14,$0,$14,$5,$10,$10,$10,$16,$14,$27,27,$0.37,$0.37,$28,$151,$10,$268,$26,$25,$1,$10,$87,$355,$94,$0,$3,$65,$159,$26,$562,$-2,$196,$355,$10,$1,$0,$2,$7,$-38,$0,$-1,$-31,$-20,$-2,$0,$0,$0,$0,$0,$0,$-2,$0,$0,$0,$-6,$-6,$-2,$0,$-8,$-30,$1,$-2
16,2014-08-31,23.32,$7.13,3.27,$34.21,0.68,$-0.85,0.0,$1.65,14.13,$0.27B,$0.10B,2.73,$0.00B,$0.19B,0.0,$0.95B,$0.10B,10.99%,$0.95B,$0.06B,6.77%,$0.95B,$0.06B,6.77%,$0.95B,$0.07B,7.19%,$0.95B,$0.06B,6.77%,$0.95B,$0.05B,4.76%,$0.05B,$0.19B,24.52%,$0.05B,$0.19B,24.69%,$0.05B,$0.36B,13.62%,$0.06B,$0.19B,34.88%,$246,$217,$29,$0,$10,$228,$18,$0,$18,$5,$13,$13,$13,$19,$18,$27,28,$0.47,$0.47,$58,$113,$16,$272,$25,$25,$1,$11,$87,$358,$100,$0,$3,$66,$166,$26,$554,$-2,$193,$358,$45,$4,$2,$6,$-38,$-2,$0,$-4,$-27,$23,$-8,$0,$0,$0,$2,$2,$0,$-5,$0,$0,$0,$-24,$-24,$0,$-0,$-24,$-6,$3,$0
17,2014-05-31,23.34,$6.80,3.43,$32.89,0.71,$-1.16,0.0,$1.55,15.06,$0.26B,$0.09B,2.74,$0.00B,$0.18B,0.0,$0.91B,$0.10B,10.94%,$0.91B,$0.06B,6.67%,$0.91B,$0.06B,6.67%,$0.91B,$0.07B,7.22%,$0.91B,$0.06B,6.67%,$0.91B,$0.04B,4.70%,$0.04B,$0.18B,24.16%,$0.04B,$0.18B,24.33%,$0.04B,$0.34B,13.51%,$0.06B,$0.18B,34.27%,$248,$221,$26,$0,$11,$232,$16,$1,$16,$5,$11,$11,$11,$17,$16,$27,27,$0.42,$0.42,$50,$118,$16,$256,$23,$25,$1,$11,$84,$340,$93,$0,$3,$62,$156,$26,$542,$1,$184,$340,$32,$3,$0,$3,$-26,$-6,$0,$-4,$-25,$10,$-5,$0,$0,$2,$0,$2,$1,$-2,$0,$0,$0,$-22,$-22,$0,$-0,$-22,$-14,$2,$0
18,2014-02-28,25.13,$6.47,3.88,$31.59,0.8,$-1.71,0.0,$1.40,17.95,$0.23B,$0.07B,3.27,$0.00B,$0.18B,0.0,$0.88B,$0.10B,10.75%,$0.88B,$0.06B,6.22%,$0.88B,$0.06B,6.22%,$0.88B,$0.06B,6.79%,$0.88B,$0.06B,6.22%,$0.88B,$0.04B,4.52%,$0.04B,$0.18B,23.32%,$0.04B,$0.18B,23.53%,$0.04B,$0.31B,12.94%,$0.06B,$0.18B,32.07%,$229,$206,$23,$0,$9,$215,$14,$-0,$14,$4,$10,$10,$10,$15,$14,$28,28,$0.35,$0.35,$16,$124,$0,$228,$20,$26,$1,$10,$82,$309,$70,$0,$4,$63,$133,$26,$530,$2,$176,$309,$21,$2,$0,$2,$-40,$-12,$0,$-2,$-53,$-30,$-1,$0,$0,$0,$2,$2,$-0,$1,$0,$0,$0,$-19,$-19,$0,$0,$-19,$-48,$1,$0
19,2013-11-30,29.19,$6.49,4.5,$29.62,0.99,$-1.59,0.0,$1.27,22.98,$0.23B,$0.07B,3.46,$0.00B,$0.18B,0.0,$0.83B,$0.09B,10.70%,$0.83B,$0.05B,6.01%,$0.83B,$0.05B,6.01%,$0.83B,$0.06B,6.61%,$0.83B,$0.05B,6.01%,$0.83B,$0.04B,4.33%,$0.04B,$0.18B,21.72%,$0.04B,$0.18B,21.95%,$0.04B,$0.32B,11.81%,$0.05B,$0.18B,30.17%,$223,$197,$26,$0,$10,$207,$16,$0,$16,$5,$11,$11,$11,$17,$16,$28,28,$0.40,$0.40,$50,$122,$0,$232,$21,$25,$1,$11,$83,$315,$67,$0,$4,$67,$134,$26,$521,$0,$181,$315,$11,$1,$1,$2,$-14,$-10,$0,$-1,$-25,$-12,$-2,$0,$0,$2,$0,$2,$0,$1,$0,$0,$0,$-3,$-3,$0,$0,$-3,$-15,$1,$0
20,2013-08-31,21.0,$6.13,3.43,$28.48,0.74,$-1.49,0.0,$1.13,18.58,$0.22B,$0.07B,3.18,$0.00B,$0.17B,0.0,$0.80B,$0.08B,10.46%,$0.80B,$0.04B,5.48%,$0.80B,$0.04B,5.48%,$0.80B,$0.05B,6.10%,$0.80B,$0.05B,5.60%,$0.80B,$0.03B,3.99%,$0.03B,$0.17B,20.38%,$0.03B,$0.17B,20.61%,$0.03B,$0.31B,10.70%,$0.04B,$0.17B,28.03%,$214,$189,$25,$0,$10,$199,$15,$-0,$15,$5,$11,$11,$11,$17,$15,$28,28,$0.39,$0.38,$64,$113,$0,$224,$20,$27,$1,$11,$85,$309,$70,$0,$4,$68,$138,$26,$509,$1,$171,$309,$32,$5,$2,$7,$-9,$-24,$0,$-4,$-29,$10,$-4,$0,$0,$-1,$7,$6,$2,$4,$0,$0,$0,$-13,$-13,$0,$-0,$-13,$2,$3,$0
21,2013-05-31,19.57,$5.66,3.46,$26.44,0.74,$-1.79,0.0,$2.16,9.06,$0.21B,$0.07B,3.04,$0.00B,$0.16B,0.0,$0.75B,$0.08B,9.97%,$0.75B,$0.04B,4.79%,$0.75B,$0.04B,4.79%,$0.75B,$0.04B,5.32%,$0.75B,$0.04B,4.92%,$0.75B,$0.06B,8.24%,$0.06B,$0.16B,41.20%,$0.06B,$0.16B,41.75%,$0.06B,$0.30B,21.14%,$0.04B,$0.16B,23.92%,$218,$197,$21,$0,$11,$208,$10,$0,$10,$3,$8,$8,$8,$11,$10,$28,28,$0.27,$0.27,$47,$113,$0,$211,$20,$29,$2,$13,$92,$303,$69,$0,$5,$75,$145,$26,$499,$-2,$158,$303,$21,$3,$-1,$3,$-11,$-26,$0,$-3,$-31,$-7,$-3,$0,$0,$-1,$0,$-1,$2,$-2,$0,$0,$0,$-11,$-11,$0,$-0,$-11,$-20,$1,$0
22,2013-02-28,18.27,$5.46,3.35,$24.00,0.76,$-1.10,0.0,$2.02,9.05,$0.19B,$0.06B,3.04,$0.00B,$0.15B,0.0,$0.69B,$0.07B,9.57%,$0.69B,$0.03B,4.35%,$0.69B,$0.03B,4.35%,$0.69B,$0.03B,4.93%,$0.69B,$0.03B,4.49%,$0.69B,$0.06B,8.41%,$0.06B,$0.15B,41.50%,$0.06B,$0.15B,42.11%,$0.06B,$0.29B,20.83%,$0.03B,$0.15B,21.47%,$177,$160,$17,$0,$8,$168,$9,$-0,$9,$3,$6,$6,$6,$10,$9,$28,28,$0.22,$0.22,$26,$124,$0,$194,$20,$33,$2,$13,$98,$292,$64,$0,$5,$75,$139,$26,$491,$-2,$153,$292,$14,$2,$-1,$1,$-6,$-37,$0,$-2,$-41,$-26,$-2,$0,$0,$-1,$0,$-1,$1,$-2,$0,$0,$0,$-8,$-8,$0,$-0,$-8,$-36,$1,$0
23,2012-11-30,13.41,$5.18,2.59,$22.21,0.6,$0.24,55.93,$1.77,7.57,$0.19B,$0.07B,2.9,$0.00B,$0.15B,0.0,$0.65B,$0.06B,8.68%,$0.65B,$0.02B,3.10%,$0.65B,$0.02B,3.10%,$0.65B,$0.02B,3.72%,$0.65B,$0.02B,3.26%,$0.65B,$0.05B,7.91%,$0.05B,$0.15B,39.31%,$0.05B,$0.14B,39.92%,$0.05B,$0.29B,19.23%,$0.02B,$0.15B,15.41%,$194,$173,$21,$0,$11,$184,$10,$1,$11,$3,$7,$7,$7,$11,$10,$28,28,$0.26,$0.26,$44,$106,$0,$193,$20,$33,$2,$13,$99,$292,$67,$0,$5,$80,$146,$26,$485,$-4,$146,$292,$7,$1,$0,$1,$-4,$-20,$0,$-1,$-19,$-10,$-1,$0,$0,$-1,$0,$-1,$1,$-1,$0,$0,$0,$-7,$-7,$0,$-0,$-7,$-19,$1,$0
24,2012-08-31,10.84,$5.05,2.15,$19.90,0.54,$0.65,16.61,$1.55,6.99,$0.19B,$0.06B,3.07,$0.00B,$0.15B,0.0,$0.58B,$0.04B,7.38%,$0.58B,$0.01B,1.89%,$0.58B,$0.01B,1.89%,$0.58B,$0.02B,2.57%,$0.58B,$0.01B,1.89%,$0.58B,$0.05B,7.72%,$0.05B,$0.15B,37.34%,$0.05B,$0.14B,37.97%,$0.05B,$0.29B,17.98%,$0.01B,$0.15B,9.13%,$163,$146,$16,$0,$10,$156,$7,$0,$7,$-34,$41,$41,$41,$8,$7,$29,29,$1.40,$1.40,$63,$87,$0,$187,$20,$32,$2,$14,$99,$286,$61,$0,$5,$80,$141,$26,$477,$-4,$145,$286,$45,$5,$-34,$-29,$-2,$-17,$0,$-4,$-16,$0,$-2,$0,$0,$0,$1,$1,$1,$-0,$0,$0,$0,$-7,$-7,$0,$-0,$-7,$-7,$2,$0
25,2012-05-31,8.45,$3.93,2.15,$18.81,0.45,$0.45,18.91,$0.26,32.49,$0.18B,$0.06B,3.08,$0.00B,$0.12B,0.0,$0.55B,$0.04B,6.53%,$0.55B,$0.01B,1.09%,$0.55B,$0.01B,1.09%,$0.55B,$0.01B,1.81%,$0.55B,$0.01B,1.09%,$0.55B,$0.01B,1.45%,$0.01B,$0.12B,7.17%,$0.01B,$0.11B,7.31%,$0.01B,$0.24B,3.35%,$0.01B,$0.12B,5.38%,$156,$144,$12,$0,$9,$152,$4,$0,$4,$-0,$4,$4,$4,$5,$4,$29,29,$0.13,$0.13,$81,$70,$0,$176,$20,$32,$2,$14,$68,$244,$57,$0,$5,$72,$129,$26,$437,$1,$115,$244,$4,$4,$1,$5,$2,$-1,$0,$-3,$3,$12,$-2,$0,$0,$1,$0,$1,$1,$0,$0,$0,$0,$-0,$-0,$0,$0,$-0,$12,$1,$0
26,2012-02-29,8.41,$3.87,2.18,$18.14,0.46,$-0.30,0.0,$0.17,49.47,$0.17B,$0.05B,3.23,$0.00B,$0.11B,0.0,$0.53B,$0.03B,6.21%,$0.53B,$0.00B,0.56%,$0.53B,$0.00B,0.56%,$0.53B,$0.01B,1.32%,$0.53B,$0.00B,0.56%,$0.53B,$0.01B,0.94%,$0.01B,$0.11B,4.59%,$0.01B,$0.11B,4.67%,$0.01B,$0.24B,2.10%,$0.00B,$0.11B,2.75%,$132,$125,$7,$0,$8,$133,$-1,$-0,$-1,$-0,$-1,$-1,$-1,$0,$-1,$29,29,$-0.03,$-0.03,$81,$60,$0,$168,$21,$33,$2,$15,$72,$239,$52,$0,$5,$74,$126,$26,$433,$3,$113,$239,$0,$3,$1,$4,$1,$8,$0,$-2,$7,$11,$-1,$0,$0,$1,$0,$1,$1,$0,$0,$0,$0,$-0,$-0,$0,$0,$-0,$11,$1,$0
27,2011-11-30,6.07,$3.75,1.62,$17.30,0.35,$-1.13,0.0,$0.31,19.59,$0.16B,$0.04B,3.7,$0.00B,$0.11B,0.0,$0.51B,$0.04B,7.31%,$0.51B,$0.01B,1.58%,$0.51B,$0.01B,1.58%,$0.51B,$0.01B,2.37%,$0.51B,$0.01B,1.58%,$0.51B,$0.01B,1.78%,$0.01B,$0.11B,8.45%,$0.01B,$0.11B,8.61%,$0.01B,$0.23B,3.78%,$0.01B,$0.11B,7.51%,$132,$123,$8,$0,$8,$131,$1,$0,$1,$-0,$1,$1,$1,$2,$1,$29,29,$0.04,$0.04,$72,$65,$0,$159,$22,$33,$2,$16,$73,$232,$43,$0,$5,$79,$122,$26,$434,$-1,$109,$232,$1,$1,$-0,$1,$5,$4,$0,$-1,$-1,$1,$-0,$0,$0,$1,$0,$1,$1,$1,$0,$0,$0,$0,$0,$0,$0,$0,$2,$0,$0
28,2011-08-31,7.4,$3.73,1.98,$17.04,0.43,$-0.98,0.0,$0.40,18.5,$0.17B,$0.05B,3.21,$0.00B,$0.11B,0.0,$0.50B,$0.04B,8.03%,$0.50B,$0.01B,2.41%,$0.50B,$0.01B,2.41%,$0.50B,$0.02B,3.21%,$0.50B,$0.01B,2.41%,$0.50B,$0.01B,2.41%,$0.01B,$0.11B,11.48%,$0.01B,$0.11B,11.65%,$0.01B,$0.24B,5.06%,$0.01B,$0.11B,11.48%,$131,$122,$9,$0,$7,$129,$2,$0,$2,$-2,$4,$4,$4,$3,$2,$29,29,$0.13,$0.13,$69,$69,$0,$165,$23,$34,$2,$16,$75,$240,$51,$0,$5,$80,$131,$26,$433,$-0,$109,$240,$12,$5,$4,$9,$0,$-24,$0,$-4,$-31,$-10,$2,$0,$-5,$0,$7,$7,$-0,$4,$0,$0,$0,$-0,$-0,$0,$1,$1,$-5,$1,$0
29,2011-05-31,10.79,$3.61,2.99,$16.79,0.64,$0.38,28.69,$0.45,23.99,$0.16B,$0.05B,3.01,$0.00B,$0.11B,0.0,$0.49B,$0.04B,8.57%,$0.49B,$0.02B,3.06%,$0.49B,$0.02B,3.06%,$0.49B,$0.02B,3.88%,$0.49B,$0.02B,3.06%,$0.49B,$0.01B,2.65%,$0.01B,$0.11B,12.78%,$0.01B,$0.10B,12.90%,$0.01B,$0.24B,5.56%,$0.02B,$0.11B,14.74%,$136,$127,$9,$0,$8,$135,$1,$0,$1,$-1,$1,$1,$1,$2,$1,$29,29,$0.04,$0.04,$65,$76,$0,$164,$23,$34,$2,$18,$77,$241,$54,$0,$6,$81,$136,$26,$429,$-0,$105,$241,$8,$4,$3,$7,$3,$-30,$0,$-3,$-29,$-14,$2,$0,$-5,$0,$7,$7,$-0,$4,$0,$0,$0,$-0,$-0,$0,$0,$0,$-9,$1,$0
30,2011-02-28,13.63,$3.55,3.84,$16.77,0.81,$1.99,6.84,$0.62,21.99,$0.16B,$0.05B,2.96,$0.00B,$0.10B,0.0,$0.49B,$0.04B,8.79%,$0.49B,$0.02B,3.48%,$0.49B,$0.02B,3.48%,$0.49B,$0.02B,4.50%,$0.49B,$0.02B,3.68%,$0.49B,$0.02B,3.68%,$0.02B,$0.10B,18.09%,$0.02B,$0.10B,18.18%,$0.02B,$0.24B,7.87%,$0.02B,$0.10B,17.09%,$107,$95,$11,$0,$7,$103,$4,$0,$4,$1,$3,$3,$3,$5,$4,$29,29,$0.11,$0.11,$63,$72,$0,$160,$24,$34,$2,$18,$79,$239,$54,$0,$6,$81,$136,$26,$428,$-0,$103,$239,$7,$3,$1,$4,$-1,$-25,$0,$-2,$-27,$-16,$3,$0,$-5,$0,$7,$7,$-0,$4,$0,$0,$0,$-0,$-0,$0,$0,$0,$-12,$0,$0
31,2010-11-30,9.88,$3.45,2.86,$16.91,0.58,$2.61,3.79,$0.53,18.64,$0.15B,$0.05B,3.17,$0.00B,$0.10B,0.0,$0.49B,$0.04B,7.51%,$0.49B,$0.01B,2.23%,$0.49B,$0.01B,2.23%,$0.49B,$0.02B,3.45%,$0.49B,$0.01B,2.64%,$0.49B,$0.02B,3.25%,$0.02B,$0.10B,16.58%,$0.02B,$0.10B,16.58%,$0.02B,$0.23B,7.10%,$0.01B,$0.10B,11.40%,$124,$113,$11,$0,$7,$119,$5,$0,$5,$1,$4,$4,$4,$6,$5,$29,29,$0.13,$0.13,$86,$45,$0,$153,$25,$35,$0,$17,$77,$229,$48,$0,$6,$81,$129,$26,$424,$1,$101,$229,$4,$1,$0,$2,$2,$-2,$0,$-1,$-3,$2,$3,$0,$0,$0,$1,$1,$0,$4,$0,$0,$0,$-0,$-0,$0,$0,$-0,$6,$0,$0
32,2010-08-31,8.09,$3.35,2.41,$15.45,0.52,$2.21,3.66,$0.35,23.11,$0.14B,$0.05B,2.81,$0.00B,$0.10B,0.0,$0.45B,$0.03B,6.00%,$0.45B,0,0.00%,$0.45B,0,0.00%,$0.45B,$0.01B,1.56%,$0.45B,$0.00B,0.44%,$0.45B,$0.01B,2.44%,$0.01B,$0.10B,11.73%,$0.01B,$0.10B,11.73%,$0.01B,$0.23B,4.92%,$0.00B,$0.10B,0.00%,$123,$112,$11,$0,$6,$118,$5,$-0,$5,$-0,$5,$5,$5,$6,$5,$29,29,$0.17,$0.17,$75,$44,$0,$142,$26,$41,$0,$19,$86,$227,$50,$0,$6,$79,$130,$26,$421,$1,$98,$227,$10,$6,$0,$6,$-9,$4,$0,$-4,$16,$33,$-2,$0,$0,$16,$0,$16,$0,$14,$0,$-9,$-9,$0,$0,$0,$-0,$-9,$38,$1,$0
33,2010-05-31,11.44,$3.31,3.46,$13.26,0.86,$1.31,8.72,$-1.55,0.0,$0.13B,$0.05B,2.76,$0.00B,$0.10B,0.0,$0.39B,$0.01B,3.63%,$0.39B,$-0.01B,-3.63%,$0.39B,$-0.01B,-3.63%,$0.39B,$-0.01B,-1.55%,$0.39B,$-0.01B,-3.11%,$0.39B,$-0.04B,-11.40%,$-0.04B,$0.10B,-47.70%,$-0.04B,$0.10B,-47.70%,$-0.04B,$0.22B,-19.82%,$-0.01B,$0.10B,-15.18%,$135,$125,$10,$0,$6,$131,$3,$0,$4,$-2,$6,$6,$6,$5,$3,$29,29,$0.21,$0.21,$77,$39,$0,$132,$25,$42,$0,$22,$89,$220,$48,$0,$6,$76,$124,$26,$416,$5,$96,$220,$5,$5,$0,$5,$1,$8,$0,$-3,$26,$37,$-1,$0,$0,$0,$13,$13,$0,$12,$-8,$0,$-8,$0,$0,$0,$-0,$-9,$40,$0,$0
34,2010-02-28,11.01,$3.11,3.54,$10.38,1.06,$0.45,24.56,$-2.05,0.0,$0.13B,$0.06B,2.39,$0.00B,$0.09B,0.0,$0.30B,$-0.00B,-1.32%,$0.30B,$-0.03B,-10.60%,$0.30B,$-0.03B,-10.60%,$0.30B,$-0.02B,-7.95%,$0.30B,$-0.03B,-10.26%,$0.30B,$-0.06B,-19.54%,$-0.06B,$0.09B,-56.46%,$-0.06B,$0.09B,-56.46%,$-0.06B,$0.23B,-25.21%,$-0.03B,$0.09B,-30.62%,$111,$106,$5,$0,$7,$112,$-2,$0,$-1,$-2,$1,$1,$1,$-0,$-2,$29,29,$0.02,$0.02,$51,$60,$0,$134,$26,$43,$0,$22,$91,$225,$56,$0,$8,$78,$134,$26,$410,$6,$91,$225,$-1,$3,$0,$4,$-8,$-13,$0,$-2,$2,$5,$-1,$0,$0,$0,$5,$5,$-0,$3,$-3,$0,$-3,$-0,$-0,$0,$-0,$-3,$5,$0,$0
35,2009-11-30,10.23,$3.10,3.3,$7.68,1.33,$0.19,52.73,$-2.43,0.0,$0.13B,$0.05B,2.43,$0.00B,$0.09B,0.0,$0.22B,$-0.02B,-9.42%,$0.22B,$-0.05B,-21.97%,$0.22B,$-0.05B,-21.97%,$0.22B,$-0.04B,-18.39%,$0.22B,$-0.05B,-21.52%,$0.22B,$-0.07B,-31.39%,$-0.07B,$0.09B,-58.21%,$-0.07B,$0.09B,-58.21%,$-0.07B,$0.22B,-28.43%,$-0.05B,$0.09B,-40.75%,$81,$80,$1,$0,$7,$87,$-6,$-0,$-6,$-5,$-1,$-1,$-1,$-4,$-6,$29,29,$-0.05,$-0.05,$43,$51,$0,$131,$27,$43,$0,$23,$92,$223,$54,$0,$9,$79,$133,$26,$409,$6,$90,$223,$-1,$2,$0,$2,$-0,$-4,$0,$-1,$-6,$-6,$-0,$0,$0,$0,$0,$0,$-0,$-1,$0,$0,$0,$-0,$-0,$0,$-0,$-1,$-7,$0,$0
36,2009-08-31,11.41,$3.17,3.59,$7.28,1.57,$0.83,13.68,$-2.71,0.0,$0.13B,$0.05B,2.59,$0.00B,$0.09B,0.0,$0.21B,$-0.03B,-14.69%,$0.21B,$-0.06B,-28.44%,$0.21B,$-0.06B,-28.44%,$0.21B,$-0.05B,-24.64%,$0.21B,$-0.06B,-27.49%,$0.21B,$-0.08B,-37.44%,$-0.08B,$0.09B,-56.94%,$-0.08B,$0.09B,-56.94%,$-0.08B,$0.22B,-30.24%,$-0.06B,$0.09B,-43.24%,$59,$61,$-2,$0,$7,$69,$-9,$0,$-9,$41,$-50,$-50,$-50,$-7,$-9,$29,29,$-1.73,$-1.73,$50,$47,$0,$129,$28,$42,$0,$21,$91,$220,$50,$0,$9,$78,$128,$26,$410,$7,$92,$220,$-79,$8,$33,$41,$-2,$71,$0,$-3,$46,$8,$-3,$0,$0,$9,$0,$9,$-1,$5,$0,$9,$9,$-0,$-0,$-3,$0,$5,$19,$1,$-3
37,2009-05-31,7.23,$4.98,1.45,$8.16,0.89,$0.05,152.24,$-1.42,0.0,$0.13B,$0.05B,2.72,$0.00B,$0.15B,0.0,$0.24B,$-0.04B,-14.77%,$0.24B,$-0.07B,-29.54%,$0.24B,$-0.07B,-29.54%,$0.24B,$-0.06B,-26.16%,$0.24B,$-0.07B,-28.27%,$0.24B,$-0.04B,-17.72%,$-0.04B,$0.15B,-26.37%,$-0.04B,$0.15B,-26.37%,$-0.04B,$0.27B,-14.87%,$-0.07B,$0.15B,-43.96%,$51,$59,$-8,$0,$6,$66,$-15,$0,$-15,$-6,$-9,$-9,$-9,$-13,$-15,$29,29,$-0.29,$-0.29,$42,$53,$0,$134,$34,$56,$0,$15,$134,$268,$49,$0,$9,$74,$123,$26,$461,$9,$145,$268,$-29,$6,$1,$7,$2,$57,$0,$-2,$34,$12,$-2,$0,$0,$0,$9,$9,$-1,$6,$0,$9,$9,$-0,$-0,$-3,$0,$5,$23,$1,$-3
38,2009-02-28,3.82,$5.29,0.72,$11.22,0.34,$-0.04,0.0,$-1.03,0.0,$0.14B,$0.05B,2.91,$0.00B,$0.15B,0.0,$0.33B,$-0.02B,-7.36%,$0.33B,$-0.06B,-19.02%,$0.33B,$-0.06B,-19.02%,$0.33B,$-0.05B,-16.26%,$0.33B,$-0.06B,-17.79%,$0.33B,$-0.03B,-9.20%,$-0.03B,$0.15B,-17.65%,$-0.03B,$0.15B,-17.65%,$-0.03B,$0.27B,-10.02%,$-0.06B,$0.15B,-36.47%,$32,$44,$-12,$0,$7,$50,$-19,$1,$-18,$-8,$-10,$-10,$-10,$-17,$-19,$29,29,$-0.36,$-0.36,$27,$73,$0,$141,$37,$56,$0,$12,$133,$274,$49,$0,$9,$72,$121,$26,$469,$10,$154,$274,$-20,$4,$0,$5,$1,$38,$0,$-1,$13,$-2,$-1,$0,$0,$0,$9,$9,$-1,$6,$0,$9,$9,$-0,$-0,$-3,$0,$5,$10,$1,$-3
39,2008-11-30,5.54,$5.64,0.98,$15.78,0.35,$-0.44,0.0,$-0.58,0.0,$0.15B,$0.05B,3.26,$0.00B,$0.16B,0.0,$0.46B,0,0.00%,$0.46B,$-0.04B,-8.95%,$0.46B,$-0.04B,-8.95%,$0.46B,$-0.03B,-6.77%,$0.46B,$-0.04B,-7.86%,$0.46B,$-0.02B,-3.71%,$-0.02B,$0.16B,-9.52%,$-0.02B,$0.16B,-9.52%,$-0.02B,$0.28B,-5.30%,$-0.04B,$0.16B,-22.97%,$69,$78,$-9,$0,$8,$86,$-17,$1,$-16,$-7,$-10,$-10,$-10,$-15,$-17,$29,29,$-0.33,$-0.33,$34,$83,$0,$147,$39,$55,$0,$13,$136,$283,$45,$0,$9,$73,$119,$26,$480,$10,$164,$283,$-10,$2,$-0,$2,$5,$27,$0,$-1,$21,$13,$-1,$0,$0,$3,$0,$3,$-1,$2,$0,$0,$0,$-0,$-0,$-3,$0,$-4,$11,$0,$-3
40,2008-08-31,10.6,$5.98,1.77,$20.70,0.51,$-0.65,0.0,$0.09,117.73,$0.16B,$0.05B,3.0,$0.00B,$0.17B,0.0,$0.60B,$0.04B,5.79%,$0.60B,$-0.01B,-1.66%,$0.60B,$-0.01B,-1.66%,$0.60B,0,0.00%,$0.60B,$-0.01B,-0.83%,$0.60B,$0.00B,0.50%,$0.00B,$0.17B,1.62%,$0.00B,$0.17B,1.62%,$0.00B,$0.31B,0.88%,$-0.01B,$0.17B,-5.41%,$85,$91,$-6,$0,$9,$104,$-19,$1,$-18,$-5,$-13,$-13,$-13,$-17,$-19,$29,29,$-0.43,$-0.43,$21,$111,$0,$163,$40,$60,$0,$16,$143,$305,$54,$0,$9,$77,$132,$26,$489,$10,$174,$305,$3,$10,$13,$23,$21,$-9,$0,$-3,$-40,$-14,$-3,$0,$0,$60,$0,$60,$-0,$56,$0,$0,$0,$-17,$-17,$-14,$0,$-31,$11,$4,$-14
41,2008-05-31,13.8,$6.47,2.13,$25.34,0.54,$0.69,20.12,$1.02,13.53,$0.19B,$0.07B,2.69,$0.00B,$0.19B,0.0,$0.76B,$0.07B,9.78%,$0.76B,$0.03B,3.96%,$0.76B,$0.03B,3.96%,$0.76B,$0.04B,5.28%,$0.76B,$0.04B,4.62%,$0.76B,$0.03B,4.10%,$0.03B,$0.19B,16.02%,$0.03B,$0.19B,16.02%,$0.03B,$0.34B,8.70%,$0.03B,$0.19B,15.50%,$140,$137,$3,$0,$10,$147,$-7,$1,$-6,$-9,$3,$3,$3,$-4,$-7,$29,29,$0.10,$0.10,$46,$111,$0,$187,$46,$60,$0,$17,$149,$336,$69,$0,$46,$79,$148,$26,$506,$8,$188,$336,$15,$8,$8,$16,$21,$-10,$0,$-1,$-21,$10,$-3,$0,$0,$60,$0,$60,$-1,$56,$0,$0,$0,$-17,$-17,$-11,$0,$-28,$39,$4,$-11
42,2008-02-29,18.37,$6.48,2.84,$27.82,0.66,$1.11,16.61,$1.27,14.46,$0.20B,$0.09B,2.12,$0.00B,$0.19B,0.0,$0.85B,$0.10B,11.43%,$0.85B,$0.05B,6.12%,$0.85B,$0.05B,6.12%,$0.85B,$0.06B,7.18%,$0.85B,$0.06B,6.71%,$0.85B,$0.04B,4.59%,$0.04B,$0.19B,19.14%,$0.04B,$0.19B,19.14%,$0.04B,$0.36B,10.44%,$0.05B,$0.19B,25.52%,$164,$152,$12,$0,$10,$162,$2,$1,$4,$1,$3,$3,$3,$5,$2,$29,29,$0.09,$0.09,$16,$128,$0,$195,$48,$71,$0,$17,$162,$358,$92,$0,$45,$78,$170,$26,$506,$8,$188,$358,$12,$5,$3,$8,$-2,$-27,$0,$-1,$-34,$-13,$-2,$0,$0,$48,$0,$48,$-1,$45,$0,$0,$0,$-17,$-17,$-7,$0,$-24,$9,$3,$-7
43,2007-11-30,19.58,$6.57,2.98,$28.43,0.69,$1.95,10.04,$1.42,13.79,$0.25B,$0.08B,2.97,$0.00B,$0.19B,0.0,$0.88B,$0.10B,11.76%,$0.88B,$0.06B,6.67%,$0.88B,$0.06B,6.67%,$0.88B,$0.07B,7.69%,$0.88B,$0.06B,7.24%,$0.88B,$0.04B,4.98%,$0.04B,$0.19B,20.35%,$0.04B,$0.19B,20.35%,$0.04B,$0.36B,11.33%,$0.06B,$0.19B,27.28%,$215,$190,$26,$0,$12,$202,$14,$1,$15,$5,$10,$10,$10,$16,$14,$29,29,$0.34,$0.34,$94,$120,$0,$249,$50,$20,$0,$18,$115,$364,$84,$0,$58,$90,$174,$26,$507,$11,$190,$364,$10,$3,$3,$6,$13,$-19,$0,$-0,$-8,$8,$-1,$0,$0,$13,$0,$13,$-0,$11,$0,$0,$0,$-17,$-17,$-4,$0,$-21,$-2,$2,$-4
44,2007-08-31,24.16,$7.05,3.43,$27.51,0.88,$1.34,18.06,$1.33,18.16,$0.26B,$0.09B,2.9,$0.00B,$0.21B,0.0,$0.87B,$0.10B,11.37%,$0.87B,$0.06B,6.31%,$0.87B,$0.06B,6.31%,$0.87B,$0.07B,7.46%,$0.87B,$0.06B,7.00%,$0.87B,$0.04B,4.82%,$0.04B,$0.21B,18.58%,$0.04B,$0.21B,18.58%,$0.04B,$0.37B,10.59%,$0.06B,$0.21B,24.34%,$238,$205,$33,$0,$12,$217,$21,$2,$22,$7,$15,$15,$15,$23,$21,$31,31,$0.48,$0.48,$110,$101,$0,$258,$51,$20,$0,$18,$109,$367,$89,$0,$0,$69,$158,$26,$509,$11,$208,$367,$42,$10,$1,$11,$-8,$-24,$0,$-1,$-25,$28,$-5,$0,$0,$27,$0,$27,$-1,$22,$0,$0,$0,$-57,$-57,$-13,$2,$-68,$-18,$5,$-13
45,2007-05-31,27.99,$7.25,3.86,$26.26,1.07,$3.96,7.06,$1.14,24.55,$0.29B,$0.09B,3.29,$0.00B,$0.23B,0.0,$0.84B,$0.09B,10.86%,$0.84B,$0.05B,5.61%,$0.84B,$0.05B,5.61%,$0.84B,$0.06B,6.80%,$0.84B,$0.05B,6.32%,$0.84B,$0.04B,4.30%,$0.04B,$0.23B,15.75%,$0.04B,$0.23B,15.75%,$0.04B,$0.41B,8.98%,$0.05B,$0.23B,20.57%,$232,$205,$26,$0,$12,$217,$15,$2,$16,$5,$11,$11,$11,$17,$15,$32,32,$0.36,$0.35,$157,$91,$0,$289,$53,$20,$0,$17,$115,$405,$88,$0,$0,$88,$176,$26,$498,$0,$229,$405,$27,$8,$-3,$5,$-1,$-14,$0,$-1,$-6,$25,$-3,$0,$0,$-15,$0,$-15,$1,$-18,$0,$0,$0,$-13,$-13,$-9,$2,$-20,$-13,$4,$-9
46,2007-02-28,29.17,$7.55,3.86,$25.74,1.13,$5.94,4.91,$1.19,24.52,$0.30B,$0.09B,3.28,$0.00B,$0.24B,0.0,$0.83B,$0.09B,11.26%,$0.83B,$0.05B,6.05%,$0.83B,$0.05B,6.05%,$0.83B,$0.06B,7.38%,$0.83B,$0.06B,6.90%,$0.83B,$0.04B,4.60%,$0.04B,$0.24B,16.87%,$0.04B,$0.24B,16.87%,$0.04B,$0.42B,9.59%,$0.05B,$0.24B,22.20%,$199,$180,$19,$0,$10,$190,$9,$2,$11,$3,$8,$8,$8,$12,$9,$31,32,$0.24,$0.24,$167,$94,$0,$301,$54,$20,$0,$17,$117,$418,$92,$0,$0,$87,$179,$26,$490,$0,$238,$418,$15,$5,$-1,$5,$-2,$-17,$0,$-1,$-7,$13,$-3,$0,$0,$-25,$0,$-25,$1,$-27,$0,$0,$0,$6,$6,$-6,$2,$1,$-12,$4,$-6
47,2006-11-30,31.13,$7.30,4.26,$25.71,1.21,$7.52,4.14,$1.18,26.38,$0.28B,$0.08B,3.53,$0.00B,$0.23B,0.0,$0.83B,$0.09B,11.28%,$0.83B,$0.05B,6.24%,$0.83B,$0.05B,6.24%,$0.83B,$0.06B,7.44%,$0.83B,$0.06B,6.96%,$0.83B,$0.04B,4.56%,$0.04B,$0.23B,16.68%,$0.04B,$0.23B,16.68%,$0.04B,$0.40B,9.59%,$0.05B,$0.23B,22.83%,$202,$180,$21,$0,$11,$192,$10,$2,$12,$4,$8,$8,$8,$13,$10,$31,32,$0.25,$0.25,$143,$97,$0,$279,$56,$20,$0,$16,$116,$396,$79,$0,$0,$87,$166,$26,$485,$0,$229,$396,$8,$3,$2,$5,$-3,$-20,$0,$-0,$-24,$-12,$-1,$0,$0,$0,$0,$0,$1,$-1,$0,$0,$0,$3,$3,$-3,$1,$0,$-12,$3,$-3
