,Date,Stock Price,Book Value per Share,Price to Book Ratio,TTM Sales per Share,Price to Sales Ratio,TTM FCF per Share,Price to FCF Ratio,TTM Net EPS,PE Ratio,Current Assets,Current Liabilities,Current Ratio,Long Term Debt,Shareholder's Equity_x,Debt to Equity Ratio,TTM Revenue_x,TTM Gross Profit,Gross Margin,TTM Revenue_y,TTM Operating Income,Operating Margin,TTM Revenue_x,TTM EBIT,EBIT Margin,TTM Revenue_y,TTM EBITDA,EBITDA Margin,TTM Revenue_x,TTM Pre-Tax Income,Pre-Tax Margin,TTM Revenue_y,TTM Net Income_x,Net Margin,TTM Net Income_y,Shareholder's Equity_y,Return on Equity,TTM Net Income_x,Tangible Equity,Return on Tangible Equity,TTM Net Income_y,Total Assets,Return on Assets,TTM Net Income,LT Investments & Debt,Return on Investment,revenue,cost-goods-sold,gross-profit,research-development-expenses,selling-general-administrative-expenses,operating-expenses,operating-income,total-non-operating-income-expense,pre-tax-income,total-provision-income-taxes,income-after-taxes,income-from-continuous-operations,net-income,ebitda,ebit,basic-shares-outstanding,shares-outstanding,eps-basic-net-earnings-per-share,eps-earnings-per-share-diluted,cash-on-hand,inventory,other-current-assets,total-current-assets,net-property-plant-equipment,long-term-investments,goodwill-intangible-assets-total,other-long-term-assets,total-long-term-assets,total-assets,total-current-liabilities,long-term-debt,other-non-current-liabilities,total-long-term-liabilities,total-liabilities,common-stock-net,retained-earnings-accumulated-deficit,comprehensive-income,total-share-holder-equity,total-liabilities-share-holders-equity,net-income-loss,total-depreciation-amortization-cash-flow,other-non-cash-items,total-non-cash-items,change-in-accounts-receivable,change-in-inventories,change-in-accounts-payable,change-in-assets-liabilities,total-change-in-assets-liabilities,cash-flow-from-operating-activities,net-change-in-property-plant-equipment,net-change-in-intangible-assets,net-acquisitions-divestitures,net-change-in-short-term-investments,net-change-in-long-term-investments,net-change-in-investments-total,investing-activities-other,cash-flow-from-investing-activities,net-long-term-debt,net-current-debt,debt-issuance-retirement-net-total,net-common-equity-issued-repurchased,net-total-equity-issued-repurchased,total-common-preferred-stock-dividends-paid,financial-activities-other,cash-flow-from-financial-activities,net-cash-flow,stock-based-compensation,common-stock-dividends-paid
0,2018-09-30,29.94,$16.52,1.81,$9.38,3.19,$-0.69,0.0,$1.71,17.51,$0.38B,$0.54B,0.71,$4.57B,$3.62B,1.26,$2.05B,$1.52B,74.23%,$2.05B,$0.64B,31.27%,$2.05B,$0.64B,31.27%,$2.05B,$0.96B,46.76%,$2.05B,$0.49B,24.01%,$2.05B,$0.38B,18.31%,$0.38B,$3.62B,9.97%,$0.38B,$2.45B,14.51%,$0.38B,$9.03B,4.36%,$0.64B,$8.18B,8.15%,$551,$106,$445,$0,$137,$351,$200,$-43,$156,$2,$155,$155,$107,$283,$200,$219,219,$0.49,$0.49,$133,$0,$26,$384,$6419,$787,$1170,$14,$8650,$9034,$540,$4566,$300,$4877,$5417,$981,$0,$0,$3617,$9034,$340,$243,$152,$394,$-65,$0,$0,$25,$15,$749,$-949,$0,$-162,$0,$-50,$-50,$0,$-1161,$1096,$-3,$1093,$0,$0,$-669,$41,$465,$53,$5,$-669
1,2018-06-30,35.19,$16.79,2.1,$9.58,3.67,$1.35,26.14,$1.66,21.2,$0.25B,$0.52B,0.48,$4.18B,$3.68B,1.14,$2.10B,$1.44B,68.45%,$2.10B,$0.62B,29.60%,$2.10B,$0.62B,29.60%,$2.10B,$0.93B,44.28%,$2.10B,$0.48B,23.07%,$2.10B,$0.37B,17.40%,$0.37B,$3.68B,9.44%,$0.37B,$2.50B,13.63%,$0.37B,$8.67B,4.37%,$0.62B,$7.85B,8.10%,$475,$68,$407,$0,$127,$401,$74,$-39,$35,$0,$35,$35,$68,$154,$74,$219,219,$0.31,$0.31,$55,$0,$27,$249,$6214,$754,$1177,$14,$8419,$8669,$517,$4177,$290,$4476,$4993,$994,$0,$0,$3676,$8669,$185,$159,$121,$280,$-7,$0,$0,$15,$48,$513,$-650,$0,$-162,$0,$-15,$-15,$0,$-827,$708,$-5,$702,$0,$0,$-441,$28,$289,$-24,$3,$-441
2,2018-03-31,32.06,$17.58,1.82,$9.91,3.23,$2.86,11.22,$1.83,17.52,$0.74B,$0.51B,1.45,$4.18B,$3.85B,1.09,$2.17B,$1.37B,63.27%,$2.17B,$0.75B,34.75%,$2.17B,$0.75B,34.75%,$2.17B,$1.06B,48.71%,$2.17B,$0.62B,28.76%,$2.17B,$0.40B,18.53%,$0.40B,$3.85B,10.16%,$0.40B,$2.67B,14.56%,$0.40B,$8.82B,4.95%,$0.75B,$8.03B,10.00%,$458,$78,$380,$0,$116,$270,$187,$-35,$152,$2,$150,$150,$101,$266,$187,$219,219,$0.46,$0.46,$524,$0,$23,$736,$6064,$558,$1184,$15,$8080,$8816,$506,$4176,$276,$4461,$4967,$1041,$0,$0,$3849,$8816,$150,$79,$4,$83,$-29,$0,$0,$9,$8,$241,$-302,$0,$0,$0,$8,$8,$0,$-294,$708,$-7,$701,$0,$0,$-218,$14,$497,$444,$2,$-218
3,2017-12-31,35.48,$18.02,1.97,$10.27,3.45,$3.44,10.32,$1.72,20.63,$0.26B,$0.42B,0.6,$3.49B,$3.95B,0.89,$2.25B,$1.34B,59.56%,$2.25B,$0.71B,31.36%,$2.25B,$0.71B,31.36%,$2.25B,$1.00B,44.48%,$2.25B,$0.58B,25.71%,$2.25B,$0.38B,16.77%,$0.38B,$3.95B,9.41%,$0.38B,$2.75B,13.46%,$0.38B,$8.02B,4.82%,$0.71B,$7.44B,9.62%,$569,$277,$292,$0,$111,$388,$181,$-32,$150,$-0,$150,$150,$100,$257,$181,$219,219,$0.45,$0.45,$80,$0,$15,$255,$5731,$566,$1191,$13,$7761,$8016,$424,$3493,$147,$3647,$4071,$1061,$0,$0,$3945,$8016,$573,$296,$56,$352,$-16,$0,$0,$-4,$-28,$897,$-651,$0,$-159,$0,$23,$23,$24,$-764,$370,$6,$376,$-0,$-0,$-811,$22,$-413,$-279,$5,$-811
4,2017-09-30,38.78,$18.24,2.13,$10.00,3.88,$4.50,8.61,$1.65,23.5,$0.36B,$0.39B,0.91,$3.37B,$3.99B,0.84,$2.19B,$1.39B,63.52%,$2.19B,$0.70B,32.15%,$2.19B,$0.70B,32.15%,$2.19B,$1.00B,45.75%,$2.19B,$0.57B,26.16%,$2.19B,$0.36B,16.48%,$0.36B,$3.99B,8.92%,$0.36B,$2.79B,12.73%,$0.36B,$7.92B,4.65%,$0.70B,$7.37B,9.66%,$596,$239,$357,$0,$104,$418,$179,$-32,$147,$1,$147,$147,$96,$252,$179,$219,219,$0.44,$0.44,$153,$0,$13,$359,$5508,$574,$1200,$16,$7557,$7916,$394,$3372,$146,$3528,$3922,$1067,$0,$0,$3994,$7916,$424,$220,$44,$264,$-47,$0,$0,$-3,$-46,$642,$-396,$0,$-159,$0,$16,$16,$24,$-515,$250,$3,$253,$0,$-0,$-596,$9,$-334,$-206,$4,$-596
5,2017-06-30,40.0,$18.44,2.17,$9.48,4.22,$4.70,8.51,$1.63,24.54,$0.34B,$0.28B,1.21,$3.28B,$4.04B,0.81,$2.08B,$1.37B,65.99%,$2.08B,$0.72B,34.78%,$2.08B,$0.72B,34.78%,$2.08B,$1.01B,48.84%,$2.08B,$0.60B,28.71%,$2.08B,$0.36B,17.15%,$0.36B,$4.04B,8.71%,$0.36B,$2.83B,12.42%,$0.36B,$7.75B,4.65%,$0.72B,$7.32B,10.00%,$547,$203,$344,$0,$99,$340,$207,$-32,$175,$1,$174,$174,$105,$282,$207,$219,219,$0.48,$0.48,$189,$0,$10,$336,$5348,$581,$1207,$16,$7412,$7748,$278,$3281,$143,$3434,$3711,$1070,$0,$0,$4036,$7748,$277,$146,$40,$187,$9,$0,$0,$0,$-32,$431,$-237,$0,$-159,$0,$9,$9,$24,$-363,$160,$-3,$157,$-0,$-0,$-387,$-9,$-238,$-170,$3,$-387
6,2017-03-31,42.4,$18.46,2.3,$8.94,4.74,$4.44,9.55,$1.56,27.18,$0.29B,$0.28B,1.02,$3.16B,$4.04B,0.78,$1.96B,$1.35B,68.95%,$1.96B,$0.69B,35.24%,$1.96B,$0.69B,35.24%,$1.96B,$0.96B,49.03%,$1.96B,$0.59B,29.98%,$1.96B,$0.34B,17.36%,$0.34B,$4.04B,8.27%,$0.34B,$2.83B,11.79%,$0.34B,$7.64B,4.48%,$0.69B,$7.20B,9.62%,$536,$189,$346,$0,$100,$398,$138,$-31,$106,$4,$103,$103,$76,$209,$138,$219,219,$0.35,$0.35,$123,$0,$11,$286,$5267,$591,$1214,$16,$7349,$7635,$280,$3158,$145,$3312,$3593,$1042,$0,$0,$4042,$7635,$103,$71,$49,$120,$-2,$0,$0,$0,$-31,$192,$-126,$0,$-155,$0,$3,$3,$25,$-252,$-0,$1,$1,$0,$0,$-189,$12,$-176,$-236,$1,$-189
7,2016-12-31,38.55,$18.78,2.05,$8.24,4.68,$4.59,8.39,$1.53,25.2,$0.60B,$0.32B,1.89,$3.16B,$4.11B,0.77,$1.81B,$1.31B,72.63%,$1.81B,$0.70B,39.00%,$1.81B,$0.70B,39.00%,$1.81B,$0.97B,53.96%,$1.81B,$0.61B,33.52%,$1.81B,$0.33B,18.50%,$0.33B,$4.11B,8.29%,$0.33B,$2.89B,11.94%,$0.33B,$7.74B,4.44%,$0.70B,$7.27B,9.89%,$511,$167,$344,$0,$102,$330,$180,$-35,$145,$1,$144,$144,$84,$259,$180,$219,219,$0.38,$0.38,$359,$0,$13,$596,$5050,$594,$1221,$15,$7141,$7736,$315,$3161,$143,$3310,$3625,$1048,$0,$0,$4111,$7736,$597,$270,$41,$311,$-49,$0,$0,$-4,$5,$913,$-434,$0,$-716,$0,$21,$21,$24,$-1106,$423,$2,$425,$0,$687,$-683,$22,$452,$259,$5,$-683
8,2016-09-30,38.29,$18.97,2.02,$7.81,4.9,$3.74,10.25,$1.01,37.91,$0.37B,$0.26B,1.45,$2.95B,$4.15B,0.71,$1.71B,$1.27B,74.23%,$1.71B,$0.41B,23.73%,$1.71B,$0.41B,23.73%,$1.71B,$0.67B,39.16%,$1.71B,$0.31B,18.35%,$1.71B,$0.22B,12.80%,$0.22B,$4.15B,5.50%,$0.22B,$2.92B,7.99%,$0.22B,$7.51B,2.95%,$0.41B,$7.10B,5.80%,$482,$146,$336,$0,$98,$285,$197,$-27,$170,$0,$169,$169,$91,$264,$197,$219,219,$0.42,$0.42,$146,$0,$9,$370,$5031,$599,$1230,$15,$7135,$7505,$255,$2952,$140,$3098,$3352,$1071,$0,$0,$4152,$7505,$453,$191,$29,$220,$-41,$0,$0,$-1,$-18,$655,$-364,$0,$-716,$0,$17,$17,$23,$-1041,$241,$-1,$240,$0,$687,$-499,$5,$433,$47,$4,$-499
9,2016-06-30,34.07,$18.88,1.8,$7.59,4.49,$3.49,9.76,$0.99,34.41,$0.39B,$0.24B,1.6,$2.99B,$4.13B,0.72,$1.66B,$1.24B,74.55%,$1.66B,$0.44B,26.17%,$1.66B,$0.44B,26.17%,$1.66B,$0.70B,42.36%,$1.66B,$0.34B,20.58%,$1.66B,$0.22B,13.06%,$0.22B,$4.13B,5.57%,$0.22B,$2.90B,8.18%,$0.22B,$7.51B,2.98%,$0.44B,$7.12B,6.34%,$429,$105,$324,$0,$99,$253,$175,$-9,$166,$0,$166,$166,$89,$228,$175,$219,219,$0.41,$0.41,$160,$0,$6,$387,$5002,$606,$1237,$15,$7121,$7508,$242,$2989,$137,$3132,$3374,$1053,$0,$0,$4134,$7508,$284,$124,$18,$142,$-33,$0,$0,$2,$-33,$392,$-255,$0,$-715,$0,$11,$11,$7,$-953,$266,$-1,$265,$687,$687,$-320,$-11,$621,$60,$3,$-320
10,2016-03-31,31.43,$17.02,1.85,$7.76,4.05,$2.91,10.78,$0.89,35.31,$0.30B,$0.26B,1.14,$3.24B,$3.73B,0.87,$1.70B,$1.23B,72.63%,$1.70B,$0.43B,25.31%,$1.70B,$0.43B,25.31%,$1.70B,$0.72B,42.32%,$1.70B,$0.32B,19.01%,$1.70B,$0.20B,11.60%,$0.20B,$3.73B,5.18%,$0.20B,$2.48B,7.69%,$0.20B,$7.37B,2.76%,$0.43B,$6.97B,6.38%,$383,$76,$307,$0,$99,$231,$152,$-28,$124,$7,$118,$118,$70,$223,$152,$219,219,$0.32,$0.32,$111,$0,$4,$295,$4940,$611,$1244,$16,$7071,$7366,$260,$3243,$132,$3381,$3641,$877,$0,$0,$3725,$7366,$118,$71,$13,$84,$13,$0,$0,$3,$34,$236,$-137,$0,$-714,$0,$5,$5,$2,$-843,$356,$-1,$355,$0,$440,$-156,$-21,$619,$12,$1,$-156
11,2015-12-31,31.53,$17.91,1.76,$8.00,3.94,$2.38,13.23,$0.82,38.46,$0.30B,$0.24B,1.28,$2.88B,$3.92B,0.74,$1.75B,$1.23B,69.88%,$1.75B,$0.16B,8.84%,$1.75B,$0.16B,8.84%,$1.75B,$0.44B,25.33%,$1.75B,$0.06B,3.25%,$1.75B,$0.09B,4.91%,$0.09B,$3.92B,2.26%,$0.09B,$2.67B,3.35%,$0.09B,$7.30B,1.23%,$0.16B,$6.80B,2.34%,$417,$114,$303,$0,$106,$535,$-118,$-28,$-146,$8,$-155,$-155,$-31,$-45,$-118,$219,219,$-0.14,$-0.14,$100,$0,$9,$301,$4859,$619,$1251,$13,$7002,$7303,$236,$2879,$129,$3148,$3383,$1061,$0,$0,$3920,$7303,$11,$290,$485,$776,$-4,$0,$0,$-1,$-4,$783,$-491,$0,$-14,$0,$5,$5,$0,$-500,$278,$-3,$276,$57,$57,$-552,$-31,$-250,$32,$4,$-552
12,2015-09-30,33.95,$17.34,1.96,$8.46,4.01,$0.59,57.58,$1.22,27.83,$0.24B,$0.22B,1.06,$2.77B,$3.80B,0.73,$1.85B,$1.31B,70.80%,$1.85B,$0.47B,25.15%,$1.85B,$0.47B,25.15%,$1.85B,$0.76B,41.12%,$1.85B,$0.38B,20.45%,$1.85B,$0.17B,9.39%,$0.17B,$3.80B,4.50%,$0.17B,$2.57B,6.65%,$0.17B,$6.92B,2.52%,$0.47B,$6.57B,7.11%,$433,$128,$305,$0,$109,$207,$226,$-27,$198,$13,$186,$186,$89,$298,$226,$219,219,$0.41,$0.41,$75,$0,$12,$237,$4532,$630,$1227,$31,$6679,$6916,$223,$2771,$119,$2897,$3120,$1170,$0,$0,$3796,$6916,$166,$217,$214,$431,$-19,$0,$0,$-1,$-2,$595,$-358,$0,$-14,$0,$3,$3,$0,$-369,$158,$-2,$156,$57,$57,$-405,$-27,$-219,$8,$3,$-405
13,2015-06-30,51.34,$17.18,2.99,$8.12,6.32,$-0.91,0.0,$1.09,47.1,$0.27B,$0.21B,1.29,$2.86B,$3.76B,0.76,$1.78B,$1.25B,70.36%,$1.78B,$0.37B,20.98%,$1.78B,$0.37B,20.98%,$1.78B,$0.64B,36.22%,$1.78B,$0.30B,16.70%,$1.78B,$0.15B,8.16%,$0.15B,$3.76B,4.04%,$0.15B,$2.52B,5.56%,$0.15B,$6.96B,2.25%,$0.37B,$6.62B,6.11%,$466,$147,$319,$0,$98,$296,$170,$-23,$147,$12,$134,$134,$69,$243,$170,$219,219,$0.31,$0.31,$89,$0,$12,$274,$4521,$631,$1239,$31,$6683,$6956,$213,$2857,$120,$2982,$3195,$1150,$0,$0,$3761,$6956,$-20,$145,$285,$429,$-41,$0,$0,$-1,$-38,$371,$-361,$0,$-13,$0,$2,$2,$0,$-372,$249,$-3,$246,$57,$57,$-263,$-17,$23,$22,$2,$-263
14,2015-03-31,51.07,$17.17,2.97,$7.62,6.7,$-1.47,0.0,$1.03,49.58,$0.22B,$0.24B,0.89,$2.71B,$3.76B,0.72,$1.67B,$1.17B,69.92%,$1.67B,$0.32B,19.41%,$1.67B,$0.32B,19.41%,$1.67B,$0.57B,33.97%,$1.67B,$0.25B,15.22%,$1.67B,$0.13B,7.85%,$0.13B,$3.76B,3.95%,$0.13B,$2.51B,5.02%,$0.13B,$6.83B,2.20%,$0.32B,$6.47B,5.76%,$437,$139,$298,$0,$97,$560,$-123,$-19,$-142,$12,$-154,$-154,$-41,$-52,$-123,$219,219,$-0.19,$-0.19,$60,$0,$11,$215,$4447,$636,$1246,$28,$6617,$6832,$242,$2709,$115,$2831,$3073,$1157,$0,$0,$3759,$6832,$-154,$71,$280,$351,$-15,$0,$0,$-1,$-3,$194,$-212,$0,$-1,$0,$-2,$-2,$0,$-214,$109,$-2,$107,$31,$31,$-126,$1,$13,$-7,$1,$-126
15,2014-12-31,50.98,$18.88,2.7,$7.00,7.28,$-1.70,0.0,$1.01,50.48,$0.19B,$0.24B,0.78,$2.42B,$4.13B,0.59,$1.53B,$1.08B,70.12%,$1.53B,$0.55B,36.01%,$1.53B,$0.55B,36.01%,$1.53B,$0.77B,49.90%,$1.53B,$0.49B,32.09%,$1.53B,$0.22B,14.48%,$0.22B,$4.13B,7.31%,$0.22B,$2.86B,8.54%,$0.22B,$6.96B,4.08%,$0.55B,$6.56B,10.73%,$517,$127,$390,$0,$131,$324,$193,$-17,$176,$31,$146,$146,$57,$273,$193,$219,219,$0.27,$0.27,$67,$0,$11,$187,$4571,$634,$1274,$28,$6768,$6955,$241,$2423,$112,$2580,$2821,$1260,$0,$0,$4134,$6955,$453,$215,$53,$268,$2,$0,$0,$4,$-30,$691,$-792,$0,$-1903,$0,$-46,$-46,$0,$-2740,$998,$1,$999,$1441,$1441,$-420,$-16,$2004,$-46,$4,$-420
16,2014-09-30,51.35,$12.31,4.17,$6.15,8.34,$-2.12,0.0,$0.97,52.93,$0.21B,$0.20B,1.05,$2.08B,$2.69B,0.77,$1.35B,$0.91B,67.78%,$1.35B,$0.46B,34.22%,$1.35B,$0.46B,34.22%,$1.35B,$0.64B,47.36%,$1.35B,$0.41B,30.29%,$1.35B,$0.21B,15.89%,$0.21B,$2.69B,7.84%,$0.21B,$2.54B,8.33%,$0.21B,$5.07B,4.40%,$0.46B,$4.78B,10.05%,$358,$113,$244,$0,$83,$225,$133,$-17,$116,$4,$112,$112,$60,$180,$133,$219,219,$0.27,$0.27,$78,$0,$7,$211,$3768,$639,$158,$29,$4854,$5065,$201,$2083,$86,$2170,$2371,$938,$0,$0,$2694,$5065,$308,$134,$12,$146,$-53,$0,$0,$2,$-15,$438,$-529,$0,$-372,$0,$-49,$-49,$0,$-950,$657,$3,$660,$99,$99,$-305,$24,$477,$-35,$3,$-305
17,2014-06-30,52.58,$12.31,4.27,$5.77,9.11,$-2.41,0.0,$0.90,58.43,$0.24B,$0.18B,1.34,$2.02B,$2.69B,0.75,$1.26B,$0.85B,67.22%,$1.26B,$0.42B,33.10%,$1.26B,$0.42B,33.10%,$1.26B,$0.59B,46.40%,$1.26B,$0.37B,29.53%,$1.26B,$0.20B,15.68%,$0.20B,$2.69B,7.54%,$0.20B,$2.54B,8.02%,$0.20B,$4.98B,4.29%,$0.42B,$4.72B,9.62%,$357,$122,$235,$0,$82,$237,$121,$-16,$104,$3,$102,$102,$55,$166,$121,$219,219,$0.25,$0.25,$122,$0,$5,$236,$3655,$637,$158,$30,$4741,$4976,$177,$2023,$82,$2105,$2282,$942,$0,$0,$2694,$4976,$196,$87,$11,$98,$-24,$0,$0,$5,$-16,$278,$-391,$0,$-361,$0,$-50,$-50,$0,$-802,$597,$3,$599,$92,$92,$-197,$39,$533,$9,$2,$-197
18,2014-03-31,40.97,$11.98,3.42,$5.29,7.75,$-2.62,0.0,$0.81,50.58,$0.20B,$0.17B,1.17,$1.91B,$2.62B,0.73,$1.16B,$0.77B,66.72%,$1.16B,$0.37B,31.63%,$1.16B,$0.37B,31.63%,$1.16B,$0.53B,45.46%,$1.16B,$0.33B,28.52%,$1.16B,$0.18B,15.38%,$0.18B,$2.62B,9.11%,$0.18B,$2.46B,9.71%,$0.18B,$4.79B,5.28%,$0.37B,$4.54B,11.56%,$301,$95,$206,$0,$68,$196,$105,$-9,$96,$2,$94,$94,$50,$146,$105,$219,219,$0.23,$0.23,$94,$0,$8,$203,$3519,$613,$159,$35,$4586,$4789,$173,$1913,$80,$1993,$2166,$922,$0,$0,$2623,$4789,$94,$42,$4,$46,$-15,$0,$0,$2,$-7,$132,$-199,$0,$-361,$0,$-26,$-26,$0,$-587,$488,$2,$490,$18,$18,$-96,$24,$435,$-19,$1,$-96
19,2013-12-31,32.78,$13.27,2.47,$4.96,6.61,$-2.45,0.0,$0.71,46.17,$0.21B,$0.19B,1.09,$1.42B,$2.90B,0.49,$1.09B,$0.71B,65.65%,$1.09B,$0.32B,29.83%,$1.09B,$0.32B,29.83%,$1.09B,$0.48B,43.83%,$1.09B,$0.29B,26.70%,$1.09B,$0.16B,14.27%,$0.16B,$2.90B,8.81%,$0.16B,$2.75B,9.46%,$0.16B,$4.63B,5.01%,$0.32B,$4.32B,11.24%,$331,$103,$228,$0,$96,$229,$102,$-10,$92,$0,$92,$92,$49,$146,$102,$219,219,$0.23,$0.23,$113,$0,$11,$208,$3383,$593,$159,$27,$4423,$4631,$191,$1418,$79,$1535,$1727,$905,$0,$0,$2904,$4631,$286,$152,$40,$192,$-14,$0,$0,$-4,$11,$489,$-682,$0,$-717,$0,$-290,$-290,$1,$-1689,$248,$-2,$246,$723,$723,$-281,$202,$890,$-309,$4,$-281
20,2013-09-30,30.69,$10.45,2.94,$3.45,8.9,$-1.57,0.0,$0.49,62.63,$0.14B,$0.18B,0.8,$1.52B,$2.29B,0.66,$0.76B,$0.49B,64.24%,$0.76B,$0.22B,29.40%,$0.76B,$0.22B,29.40%,$0.76B,$0.33B,43.71%,$0.76B,$0.20B,26.23%,$0.76B,$0.11B,14.04%,$0.11B,$2.29B,10.26%,$0.11B,$2.13B,11.12%,$0.11B,$4.06B,5.48%,$0.22B,$3.81B,12.33%,$274,$94,$180,$0,$57,$184,$90,$-8,$81,$-0,$81,$81,$44,$128,$90,$219,219,$0.20,$0.20,$57,$0,$9,$142,$3244,$228,$160,$28,$3919,$4061,$178,$1518,$76,$1596,$1774,$825,$0,$0,$2287,$4061,$194,$108,$36,$144,$-28,$0,$0,$-3,$-24,$314,$-470,$0,$-710,$0,$-252,$-252,$0,$-1432,$348,$-3,$344,$419,$419,$-192,$182,$752,$-365,$3,$-192
