,Date,Stock Price,Book Value per Share,Price to Book Ratio,TTM Sales per Share,Price to Sales Ratio,TTM FCF per Share,Price to FCF Ratio,TTM Net EPS,PE Ratio,Current Assets,Current Liabilities,Current Ratio,Long Term Debt,Shareholder's Equity_x,Debt to Equity Ratio,TTM Revenue_x,TTM Gross Profit,Gross Margin,TTM Revenue_y,TTM Operating Income,Operating Margin,TTM Revenue_x,TTM EBIT,EBIT Margin,TTM Revenue_y,TTM EBITDA,EBITDA Margin,TTM Revenue_x,TTM Pre-Tax Income,Pre-Tax Margin,TTM Revenue_y,TTM Net Income_x,Net Margin,TTM Net Income_y,Shareholder's Equity_y,Return on Equity,TTM Net Income_x,Tangible Equity,Return on Tangible Equity,TTM Net Income_y,Total Assets,Return on Assets,TTM Net Income,LT Investments & Debt,Return on Investment,revenue,cost-goods-sold,gross-profit,research-development-expenses,selling-general-administrative-expenses,operating-expenses,operating-income,total-non-operating-income-expense,pre-tax-income,total-provision-income-taxes,income-after-taxes,income-from-continuous-operations,net-income,ebitda,ebit,basic-shares-outstanding,shares-outstanding,eps-basic-net-earnings-per-share,eps-earnings-per-share-diluted,cash-on-hand,inventory,other-current-assets,total-current-assets,net-property-plant-equipment,long-term-investments,goodwill-intangible-assets-total,other-long-term-assets,total-long-term-assets,total-assets,total-current-liabilities,long-term-debt,other-non-current-liabilities,total-long-term-liabilities,total-liabilities,common-stock-net,retained-earnings-accumulated-deficit,comprehensive-income,total-share-holder-equity,total-liabilities-share-holders-equity,net-income-loss,total-depreciation-amortization-cash-flow,other-non-cash-items,total-non-cash-items,change-in-accounts-receivable,change-in-inventories,change-in-accounts-payable,change-in-assets-liabilities,total-change-in-assets-liabilities,cash-flow-from-operating-activities,net-change-in-property-plant-equipment,net-change-in-intangible-assets,net-acquisitions-divestitures,net-change-in-short-term-investments,net-change-in-long-term-investments,net-change-in-investments-total,investing-activities-other,cash-flow-from-investing-activities,net-long-term-debt,net-current-debt,debt-issuance-retirement-net-total,net-common-equity-issued-repurchased,net-total-equity-issued-repurchased,total-common-preferred-stock-dividends-paid,financial-activities-other,cash-flow-from-financial-activities,net-cash-flow,stock-based-compensation,common-stock-dividends-paid
0,2018-09-30,166.0,$-3.00,-55.31,$17.48,9.49,$3.80,43.67,$7.29,22.77,$0.02B,$0.01B,1.66,$0.04B,$-0.01B,-3.12,$0.07B,$0.07B,94.52%,$0.07B,$0.04B,57.53%,$0.07B,$0.04B,57.53%,$0.07B,$0.04B,58.90%,$0.07B,$0.04B,53.42%,$0.07B,$0.03B,41.10%,$0.03B,$-0.01B,-122.45%,$0.03B,$-0.01B,-122.45%,$0.03B,$0.05B,61.22%,$0.04B,$0.03B,163.11%,$19,$1,$18,$0,$6,$8,$11,$-1,$11,$2,$8,$8,$8,$12,$11,$4,4,$2.15,$2.01,$19,$0,$0,$22,$1,$27,$1,$0,$29,$50,$13,$37,$4,$49,$62,$5,$-16,$0,$-12,$50,$22,$1,$1,$2,$0,$-0,$-1,$-1,$3,$28,$-21,$0,$0,$0,$0,$0,$16,$-4,$-28,$0,$-28,$2,$2,$-2,$5,$-23,$0,$2,$-2
1,2018-06-30,148.3,$-5.37,-27.64,$17.00,8.72,$2.12,69.89,$6.61,22.44,$0.02B,$0.01B,1.62,$0.05B,$-0.02B,-2.2,$0.07B,$0.07B,94.44%,$0.07B,$0.04B,56.94%,$0.07B,$0.04B,56.94%,$0.07B,$0.04B,56.94%,$0.07B,$0.04B,51.39%,$0.07B,$0.03B,38.89%,$0.03B,$-0.02B,-89.60%,$0.03B,$-0.02B,-88.89%,$0.03B,$0.05B,58.03%,$0.04B,$0.03B,149.09%,$18,$1,$17,$0,$7,$8,$10,$-1,$9,$2,$7,$7,$7,$10,$10,$4,4,$1.85,$1.73,$18,$0,$0,$21,$1,$26,$1,$0,$28,$49,$13,$46,$3,$57,$70,$3,$-24,$0,$-21,$49,$14,$1,$0,$1,$0,$-0,$-1,$-0,$3,$18,$-13,$0,$0,$0,$0,$0,$11,$-2,$-19,$0,$-19,$1,$1,$-1,$3,$-16,$0,$1,$-1
2,2018-03-31,130.52,$-7.44,-17.54,$16.27,8.02,$0.82,158.86,$6.17,21.15,$0.02B,$0.01B,1.64,$0.05B,$-0.03B,-1.84,$0.07B,$0.07B,95.71%,$0.07B,$0.04B,57.14%,$0.07B,$0.04B,57.14%,$0.07B,$0.04B,57.14%,$0.07B,$0.04B,51.43%,$0.07B,$0.03B,38.57%,$0.03B,$-0.03B,-109.09%,$0.03B,$-0.03B,-106.93%,$0.03B,$0.05B,56.54%,$0.04B,$0.02B,134.45%,$18,$1,$17,$0,$7,$8,$10,$-1,$9,$2,$7,$7,$7,$10,$10,$4,4,$1.81,$1.69,$18,$0,$0,$20,$1,$26,$1,$0,$28,$48,$12,$53,$4,$64,$76,$2,$-31,$0,$-29,$48,$7,$0,$-0,$-0,$0,$0,$-0,$0,$3,$10,$-6,$0,$0,$0,$0,$0,$6,$-0,$-12,$0,$-12,$0,$0,$-0,$3,$-9,$1,$0,$-0
3,2017-12-31,129.02,$-9.29,-13.88,$15.87,8.13,$0.14,936.95,$5.70,22.63,$0.02B,$0.01B,2.27,$0.06B,$-0.04B,-1.8,$0.07B,$0.07B,95.71%,$0.07B,$0.04B,55.71%,$0.07B,$0.04B,55.71%,$0.07B,$0.04B,57.14%,$0.07B,$0.04B,51.43%,$0.07B,$0.03B,37.14%,$0.03B,$-0.04B,-144.44%,$0.03B,$-0.04B,-138.67%,$0.03B,$0.05B,54.74%,$0.04B,$0.03B,121.88%,$18,$0,$17,$0,$6,$7,$11,$-1,$10,$2,$8,$8,$8,$11,$11,$4,4,$1.95,$1.82,$16,$0,$0,$21,$0,$26,$1,$0,$27,$49,$9,$64,$2,$75,$85,$1,$-37,$0,$-36,$49,$25,$1,$1,$2,$-0,$-0,$0,$0,$-1,$25,$-25,$0,$0,$0,$0,$0,$25,$0,$22,$0,$22,$-48,$-48,$-2,$2,$-25,$-0,$2,$-2
4,2017-09-30,131.25,$-10.31,-12.74,$15.79,8.31,$0.21,634.66,$5.25,25.0,$0.02B,$0.01B,2.35,$0.07B,$-0.04B,-1.82,$0.07B,$0.07B,97.10%,$0.07B,$0.04B,56.52%,$0.07B,$0.04B,56.52%,$0.07B,$0.04B,57.97%,$0.07B,$0.04B,52.17%,$0.07B,$0.02B,34.78%,$0.02B,$-0.04B,-218.18%,$0.02B,$-0.04B,-204.26%,$0.02B,$0.05B,50.53%,$0.04B,$0.03B,116.42%,$18,$1,$17,$0,$6,$8,$10,$-1,$9,$4,$6,$6,$6,$10,$10,$4,4,$1.46,$1.36,$17,$0,$0,$22,$1,$24,$1,$0,$25,$47,$9,$72,$1,$77,$87,$0,$-39,$0,$-39,$47,$17,$1,$2,$2,$-0,$0,$-0,$0,$-0,$19,$-19,$0,$0,$0,$0,$0,$20,$1,$30,$0,$30,$-49,$-49,$-1,$0,$-20,$-0,$1,$-1
5,2017-06-30,128.35,$1.10,116.84,$15.54,8.26,$1.04,123.7,$5.33,24.08,$0.02B,$0.01B,2.81,$0.03B,$0.01B,6.27,$0.07B,$0.07B,97.06%,$0.07B,$0.04B,57.35%,$0.07B,$0.04B,57.35%,$0.07B,$0.04B,60.29%,$0.07B,$0.04B,54.41%,$0.07B,$0.02B,35.29%,$0.02B,$0.01B,-457.14%,$0.02B,$0.00B,-417.39%,$0.02B,$0.05B,51.61%,$0.04B,$0.03B,118.18%,$16,$0,$16,$0,$6,$8,$9,$-0,$8,$3,$6,$6,$6,$9,$9,$4,4,$1.32,$1.23,$18,$0,$0,$21,$1,$25,$1,$0,$26,$47,$8,$29,$1,$35,$42,$5,$-1,$0,$5,$47,$11,$0,$1,$2,$-0,$-0,$-0,$0,$1,$13,$-14,$0,$0,$0,$0,$0,$14,$0,$-14,$0,$-14,$1,$1,$-1,$0,$-14,$-0,$1,$-1
6,2017-03-31,112.38,$-0.55,-205.37,$15.65,7.18,$1.67,67.28,$5.29,21.24,$0.02B,$0.01B,2.49,$0.04B,$-0.00B,-15.62,$0.07B,$0.07B,97.06%,$0.07B,$0.04B,57.35%,$0.07B,$0.04B,57.35%,$0.07B,$0.04B,61.76%,$0.07B,$0.04B,55.88%,$0.07B,$0.02B,33.82%,$0.02B,$-0.00B,-191.67%,$0.02B,$-0.00B,-184.00%,$0.02B,$0.05B,50.55%,$0.04B,$0.03B,122.83%,$18,$1,$17,$0,$7,$8,$9,$-0,$9,$3,$6,$6,$6,$10,$9,$4,4,$1.33,$1.25,$18,$0,$0,$21,$1,$25,$1,$0,$27,$47,$8,$36,$1,$41,$50,$4,$-6,$-0,$-2,$47,$6,$0,$0,$1,$-0,$-0,$-0,$0,$2,$9,$-8,$0,$0,$0,$0,$0,$7,$-0,$-8,$0,$-8,$0,$0,$-0,$0,$-8,$0,$0,$-0
7,2016-12-31,125.35,$-1.88,-66.5,$15.40,8.14,$2.76,45.42,$5.13,24.43,$0.02B,$0.01B,3.1,$0.04B,$-0.01B,-5.52,$0.07B,$0.06B,96.97%,$0.07B,$0.04B,57.58%,$0.07B,$0.04B,57.58%,$0.07B,$0.04B,60.61%,$0.07B,$0.04B,54.55%,$0.07B,$0.02B,33.33%,$0.02B,$-0.01B,-120.55%,$0.02B,$-0.01B,-117.33%,$0.02B,$0.05B,49.16%,$0.04B,$0.04B,124.59%,$17,$0,$17,$0,$6,$7,$11,$-1,$10,$4,$6,$6,$6,$11,$11,$4,4,$1.49,$1.41,$18,$0,$0,$23,$1,$24,$1,$0,$26,$49,$7,$43,$1,$49,$56,$3,$-11,$-0,$-8,$49,$22,$1,$2,$2,$-0,$-0,$0,$0,$2,$26,$-26,$0,$0,$0,$0,$0,$23,$-3,$-21,$0,$-21,$-0,$-0,$-2,$0,$-23,$0,$2,$-2
8,2016-09-30,104.75,$-3.81,-27.47,$15.03,6.97,$2.76,37.9,$5.03,20.82,$0.02B,$0.01B,2.82,$0.05B,$-0.02B,-2.9,$0.07B,$0.06B,95.45%,$0.07B,$0.04B,56.06%,$0.07B,$0.04B,56.06%,$0.07B,$0.04B,59.09%,$0.07B,$0.04B,53.03%,$0.07B,$0.02B,33.33%,$0.02B,$-0.02B,-91.67%,$0.02B,$-0.02B,-89.80%,$0.02B,$0.04B,49.72%,$0.04B,$0.03B,122.31%,$17,$0,$16,$0,$5,$6,$10,$-1,$10,$4,$6,$6,$6,$11,$10,$4,4,$1.48,$1.41,$18,$0,$0,$21,$1,$21,$1,$0,$23,$43,$7,$46,$1,$52,$59,$1,$-17,$-0,$-16,$43,$16,$1,$1,$2,$-0,$-0,$-1,$-0,$2,$20,$-16,$0,$0,$0,$0,$0,$18,$1,$-19,$0,$-19,$-1,$-1,$-1,$0,$-21,$0,$1,$-1
9,2016-06-30,98.84,$-5.34,-18.53,$14.86,6.65,$1.84,53.73,$4.85,20.38,$0.02B,$0.01B,2.9,$0.05B,$-0.02B,-2.35,$0.07B,$0.06B,95.38%,$0.07B,$0.04B,55.38%,$0.07B,$0.04B,55.38%,$0.07B,$0.04B,58.46%,$0.07B,$0.03B,52.31%,$0.07B,$0.02B,32.31%,$0.02B,$-0.02B,-72.41%,$0.02B,$-0.02B,-71.19%,$0.02B,$0.04B,46.41%,$0.04B,$0.03B,116.13%,$16,$1,$16,$0,$6,$7,$9,$-1,$9,$3,$5,$5,$5,$10,$9,$4,4,$1.31,$1.25,$18,$0,$0,$21,$1,$20,$1,$0,$22,$43,$7,$51,$1,$58,$65,$0,$-22,$-0,$-22,$43,$10,$0,$1,$1,$0,$-0,$-1,$-0,$2,$13,$-11,$0,$0,$0,$0,$0,$12,$2,$-13,$0,$-13,$-1,$-1,$-1,$0,$-15,$0,$1,$-1
10,2016-03-31,97.06,$-6.63,-14.64,$14.33,6.77,$1.52,63.82,$4.60,21.1,$0.02B,$0.01B,2.21,$0.06B,$-0.03B,-2.02,$0.06B,$0.06B,95.31%,$0.06B,$0.04B,54.69%,$0.06B,$0.04B,54.69%,$0.06B,$0.04B,56.25%,$0.06B,$0.03B,51.56%,$0.06B,$0.02B,32.81%,$0.02B,$-0.03B,-62.22%,$0.02B,$-0.03B,-61.76%,$0.02B,$0.04B,45.90%,$0.04B,$0.03B,111.11%,$16,$1,$15,$0,$7,$8,$8,$-1,$7,$3,$5,$5,$5,$8,$8,$4,4,$1.11,$1.06,$20,$0,$0,$22,$1,$20,$1,$0,$22,$44,$10,$55,$1,$61,$71,$0,$-27,$-0,$-27,$44,$5,$0,$0,$0,$0,$-0,$0,$-0,$6,$11,$-5,$0,$0,$0,$0,$0,$5,$1,$-9,$0,$-9,$-1,$-1,$-0,$0,$-11,$0,$0,$-0
11,2015-12-31,92.07,$-7.44,-12.38,$14.65,6.29,$0.90,102.12,$4.71,19.55,$0.02B,$0.01B,3.25,$0.06B,$-0.03B,-2.1,$0.07B,$0.07B,95.65%,$0.07B,$0.04B,53.62%,$0.07B,$0.04B,53.62%,$0.07B,$0.04B,55.07%,$0.07B,$0.04B,52.17%,$0.07B,$0.02B,31.88%,$0.02B,$-0.03B,-110.00%,$0.02B,$-0.03B,-110.00%,$0.02B,$0.05B,46.81%,$0.04B,$0.03B,117.46%,$17,$1,$16,$0,$6,$7,$10,$-1,$9,$3,$6,$6,$6,$10,$10,$4,5,$1.35,$1.29,$19,$0,$0,$24,$1,$21,$1,$0,$23,$47,$8,$64,$1,$71,$78,$0,$-31,$-0,$-31,$47,$22,$1,$-1,$0,$-0,$0,$-0,$0,$0,$22,$-22,$0,$0,$0,$0,$0,$27,$5,$48,$0,$48,$-75,$-75,$-1,$0,$-28,$-1,$2,$-1
12,2015-09-30,101.81,$-8.72,-11.67,$14.10,7.22,$-1.02,0.0,$4.49,22.67,$0.02B,$0.01B,1.98,$0.07B,$-0.04B,-1.91,$0.07B,$0.07B,97.06%,$0.07B,$0.04B,52.94%,$0.07B,$0.04B,52.94%,$0.07B,$0.04B,55.88%,$0.07B,$0.04B,52.94%,$0.07B,$0.02B,32.35%,$0.02B,$-0.04B,-325.93%,$0.02B,$-0.04B,-325.93%,$0.02B,$0.05B,44.90%,$0.04B,$0.03B,126.32%,$16,$1,$15,$0,$6,$7,$9,$-1,$9,$3,$5,$5,$5,$10,$9,$4,4,$1.29,$1.23,$20,$0,$0,$23,$1,$22,$0,$1,$24,$47,$11,$69,$1,$71,$83,$0,$-36,$-0,$-36,$47,$16,$1,$-3,$-2,$0,$0,$-1,$-0,$4,$18,$-19,$0,$0,$0,$0,$0,$22,$4,$52,$0,$52,$-74,$-74,$-1,$0,$-23,$-1,$1,$-1
13,2015-06-30,97.37,$-10.05,-9.69,$13.60,7.16,$-2.15,0.0,$4.35,22.38,$0.02B,$0.01B,1.97,$0.07B,$-0.04B,-1.74,$0.07B,$0.07B,98.53%,$0.07B,$0.04B,52.94%,$0.07B,$0.04B,52.94%,$0.07B,$0.04B,54.41%,$0.07B,$0.04B,52.94%,$0.07B,$0.02B,33.82%,$0.02B,$-0.04B,368.00%,$0.02B,$-0.04B,368.00%,$0.02B,$0.05B,46.23%,$0.04B,$0.03B,148.45%,$15,$1,$15,$0,$6,$7,$8,$-0,$8,$3,$5,$5,$5,$8,$8,$5,5,$1.04,$1.00,$20,$0,$0,$23,$1,$20,$0,$1,$22,$45,$12,$72,$1,$75,$87,$0,$-41,$-0,$-41,$45,$11,$1,$-2,$-1,$0,$0,$-0,$0,$3,$13,$-12,$0,$0,$0,$0,$0,$17,$5,$56,$0,$56,$-74,$-74,$-1,$0,$-19,$-1,$1,$-1
14,2015-03-31,86.5,$5.56,15.55,$13.03,6.64,$-3.93,0.0,$4.17,20.74,$0.02B,$0.02B,1.32,$0.00B,$0.03B,0.0,$0.07B,$0.07B,97.01%,$0.07B,$0.04B,52.24%,$0.07B,$0.04B,52.24%,$0.07B,$0.04B,53.73%,$0.07B,$0.04B,52.24%,$0.07B,$0.02B,32.84%,$0.02B,$0.03B,108.64%,$0.02B,$0.03B,108.64%,$0.02B,$0.05B,42.93%,$0.04B,$0.03B,172.84%,$21,$1,$20,$0,$6,$11,$10,$-0,$10,$4,$6,$6,$6,$10,$10,$5,5,$1.21,$1.17,$22,$0,$0,$23,$1,$24,$0,$1,$26,$49,$18,$0,$1,$3,$21,$1,$27,$-0,$28,$49,$6,$0,$-1,$-0,$0,$0,$1,$-0,$6,$12,$-8,$0,$0,$0,$0,$0,$9,$2,$-13,$0,$-13,$0,$0,$-0,$0,$-13,$0,$0,$-0
15,2014-12-31,85.79,$4.32,19.84,$11.70,7.33,$-4.60,0.0,$3.86,22.23,$0.03B,$0.03B,1.16,$0.00B,$0.02B,0.0,$0.06B,$0.06B,96.72%,$0.06B,$0.03B,52.46%,$0.06B,$0.03B,52.46%,$0.06B,$0.03B,55.74%,$0.06B,$0.03B,52.46%,$0.06B,$0.02B,34.43%,$0.02B,$0.02B,121.74%,$0.02B,$0.02B,121.74%,$0.02B,$0.06B,41.38%,$0.03B,$0.02B,185.51%,$16,$0,$16,$0,$6,$7,$9,$-0,$9,$4,$6,$6,$6,$10,$9,$5,5,$1.12,$1.08,$22,$0,$0,$28,$1,$24,$0,$1,$26,$55,$25,$0,$1,$9,$33,$0,$21,$-0,$22,$55,$20,$1,$1,$2,$-0,$0,$-0,$0,$-4,$18,$-28,$0,$0,$0,$0,$0,$21,$-7,$19,$0,$19,$-11,$-11,$-27,$0,$-19,$-9,$1,$-27
16,2014-09-30,72.49,$3.18,22.83,$11.23,6.46,$-2.58,0.0,$3.64,19.92,$0.03B,$0.03B,0.79,$0.00B,$0.02B,0.0,$0.06B,$0.06B,94.92%,$0.06B,$0.03B,52.54%,$0.06B,$0.03B,52.54%,$0.06B,$0.03B,54.24%,$0.06B,$0.03B,50.85%,$0.06B,$0.02B,33.90%,$0.02B,$0.02B,94.12%,$0.02B,$0.02B,94.12%,$0.02B,$0.05B,39.80%,$0.03B,$0.02B,145.88%,$16,$1,$16,$0,$6,$7,$9,$-0,$9,$3,$6,$6,$6,$9,$9,$5,5,$1.12,$1.09,$23,$0,$0,$25,$2,$23,$0,$1,$25,$50,$31,$0,$1,$3,$34,$0,$16,$-0,$16,$50,$14,$1,$0,$1,$0,$0,$1,$-3,$-0,$15,$-22,$0,$0,$-0,$0,$-0,$16,$-6,$20,$0,$20,$-11,$-11,$-27,$0,$-18,$-9,$1,$-27
17,2014-06-30,68.62,$2.88,23.79,$10.86,6.32,$-0.98,0.0,$3.55,19.33,$0.03B,$0.03B,0.8,$0.00B,$0.02B,0.0,$0.06B,$0.05B,93.10%,$0.06B,$0.03B,53.45%,$0.06B,$0.03B,53.45%,$0.06B,$0.03B,55.17%,$0.06B,$0.03B,51.72%,$0.06B,$0.02B,32.76%,$0.02B,$0.02B,74.51%,$0.02B,$0.02B,74.51%,$0.02B,$0.05B,38.00%,$0.03B,$0.02B,121.57%,$14,$1,$13,$0,$6,$7,$7,$-0,$7,$3,$4,$4,$4,$7,$7,$5,5,$0.84,$0.82,$24,$0,$0,$26,$2,$22,$0,$1,$24,$51,$33,$0,$2,$3,$36,$0,$15,$-0,$15,$51,$9,$1,$-0,$1,$0,$0,$-1,$-2,$-2,$8,$-15,$0,$0,$-0,$0,$-0,$9,$-6,$23,$0,$23,$-7,$-7,$-26,$0,$-10,$-8,$1,$-26
18,2014-03-31,74.5,$3.15,23.62,$10.88,6.85,$0.40,185.68,$3.56,20.93,$0.02B,$0.03B,0.84,$0.00B,$0.02B,0.0,$0.06B,$0.05B,93.10%,$0.06B,$0.03B,53.45%,$0.06B,$0.03B,53.45%,$0.06B,$0.03B,55.17%,$0.06B,$0.03B,51.72%,$0.06B,$0.02B,32.76%,$0.02B,$0.02B,66.67%,$0.02B,$0.02B,66.67%,$0.02B,$0.05B,39.38%,$0.03B,$0.02B,108.77%,$15,$1,$14,$0,$6,$7,$7,$-0,$7,$3,$5,$5,$5,$8,$7,$5,5,$0.88,$0.86,$20,$0,$0,$22,$1,$23,$0,$1,$25,$47,$26,$0,$2,$4,$31,$3,$14,$-0,$16,$47,$5,$0,$-0,$0,$0,$0,$-1,$0,$2,$7,$-7,$0,$0,$-0,$0,$-0,$4,$-2,$14,$0,$14,$-1,$-1,$-26,$0,$-13,$-8,$0,$-26
19,2013-12-31,85.91,$7.42,11.59,$10.66,8.06,$0.72,120.11,$3.48,24.69,$0.03B,$0.01B,2.92,$0.00B,$0.04B,0.0,$0.06B,$0.05B,94.64%,$0.06B,$0.03B,55.36%,$0.06B,$0.03B,55.36%,$0.06B,$0.03B,55.36%,$0.06B,$0.03B,53.57%,$0.06B,$0.02B,32.14%,$0.02B,$0.04B,60.00%,$0.02B,$0.04B,60.00%,$0.02B,$0.05B,38.30%,$0.03B,$0.04B,103.33%,$14,$0,$13,$0,$5,$6,$8,$-0,$7,$3,$5,$5,$5,$8,$8,$5,5,$0.90,$0.87,$29,$0,$0,$31,$1,$20,$0,$1,$22,$53,$11,$0,$2,$4,$15,$3,$35,$-0,$38,$53,$18,$1,$-0,$1,$0,$-0,$0,$1,$3,$22,$-21,$0,$0,$-1,$0,$-1,$18,$-4,$-11,$0,$-11,$1,$1,$-1,$1,$-9,$8,$1,$-1
20,2013-09-30,68.33,$6.48,10.54,$10.54,6.48,$-0.49,0.0,$2.95,23.16,$0.03B,$0.01B,2.64,$0.00B,$0.03B,0.0,$0.06B,$0.05B,94.55%,$0.06B,$0.03B,54.55%,$0.06B,$0.03B,54.55%,$0.06B,$0.03B,54.55%,$0.06B,$0.03B,49.09%,$0.06B,$0.02B,27.27%,$0.02B,$0.03B,60.00%,$0.02B,$0.03B,60.00%,$0.02B,$0.05B,33.52%,$0.03B,$0.03B,120.00%,$15,$1,$14,$0,$5,$6,$9,$-0,$9,$3,$5,$5,$5,$9,$9,$5,5,$1.03,$1.00,$25,$0,$0,$27,$1,$20,$0,$1,$22,$49,$10,$0,$2,$6,$16,$2,$31,$-0,$33,$49,$14,$1,$0,$1,$0,$0,$-0,$1,$3,$17,$-15,$0,$0,$-0,$0,$-0,$14,$-2,$-11,$0,$-11,$1,$1,$-1,$1,$-9,$6,$1,$-1
21,2013-06-30,60.09,$5.36,11.22,$10.56,5.69,$-1.39,0.0,$2.77,21.69,$0.02B,$0.01B,1.84,$0.00B,$0.03B,0.0,$0.06B,$0.05B,94.55%,$0.06B,$0.03B,52.73%,$0.06B,$0.03B,52.73%,$0.06B,$0.03B,54.55%,$0.06B,$0.03B,45.45%,$0.06B,$0.01B,25.45%,$0.01B,$0.03B,66.67%,$0.01B,$0.03B,66.67%,$0.01B,$0.04B,32.37%,$0.03B,$0.03B,138.10%,$14,$1,$14,$0,$6,$7,$7,$-0,$7,$3,$4,$4,$4,$7,$7,$5,5,$0.86,$0.83,$18,$0,$0,$21,$1,$21,$0,$1,$23,$44,$11,$0,$2,$5,$17,$1,$26,$-0,$27,$44,$8,$0,$-0,$0,$0,$-0,$-1,$0,$1,$10,$-10,$0,$0,$0,$0,$0,$9,$-2,$-9,$0,$-9,$0,$0,$-0,$1,$-8,$-0,$1,$-0
22,2013-03-31,58.3,$4.38,13.31,$10.18,5.73,$-1.77,0.0,$2.59,22.51,$0.02B,$0.02B,1.26,$0.00B,$0.02B,0.0,$0.05B,$0.05B,96.23%,$0.05B,$0.03B,52.83%,$0.05B,$0.03B,52.83%,$0.05B,$0.03B,54.72%,$0.05B,$0.02B,45.28%,$0.05B,$0.01B,24.53%,$0.01B,$0.02B,72.22%,$0.01B,$0.02B,72.22%,$0.01B,$0.04B,30.41%,$0.03B,$0.02B,155.56%,$13,$1,$13,$0,$6,$6,$7,$-0,$7,$3,$4,$4,$4,$7,$7,$5,5,$0.81,$0.78,$17,$0,$0,$19,$1,$21,$0,$1,$23,$42,$15,$0,$2,$5,$20,$0,$22,$-0,$22,$42,$4,$0,$0,$0,$0,$-0,$-0,$0,$2,$7,$-5,$0,$0,$0,$0,$0,$5,$-0,$-6,$0,$-6,$-0,$-0,$-0,$0,$-7,$-0,$0,$-0
23,2012-12-31,52.72,$3.59,14.69,$9.89,5.33,$-2.12,0.0,$2.48,21.26,$0.02B,$0.02B,0.92,$0.00B,$0.02B,0.0,$0.05B,$0.05B,94.23%,$0.05B,$0.03B,51.92%,$0.05B,$0.03B,51.92%,$0.05B,$0.03B,53.85%,$0.05B,$0.02B,44.23%,$0.05B,$0.01B,25.00%,$0.01B,$0.02B,81.25%,$0.01B,$0.02B,81.25%,$0.01B,$0.04B,30.95%,$0.03B,$0.02B,168.75%,$13,$1,$12,$0,$5,$6,$7,$-3,$4,$3,$2,$2,$2,$7,$7,$5,5,$0.35,$0.33,$16,$0,$0,$19,$1,$23,$0,$1,$25,$44,$21,$0,$2,$5,$26,$0,$18,$-0,$18,$44,$13,$1,$3,$4,$0,$-0,$1,$1,$1,$18,$-24,$0,$0,$1,$0,$1,$17,$-6,$11,$0,$11,$-6,$-6,$-26,$2,$-19,$-7,$1,$-26
24,2012-09-30,49.99,$3.42,14.63,$9.92,5.04,$-1.00,0.0,$2.94,17.0,$0.02B,$0.02B,0.75,$0.00B,$0.02B,0.0,$0.05B,$0.05B,96.15%,$0.05B,$0.03B,51.92%,$0.05B,$0.03B,51.92%,$0.05B,$0.03B,53.85%,$0.05B,$0.03B,48.08%,$0.05B,$0.02B,28.85%,$0.02B,$0.02B,74.07%,$0.02B,$0.02B,74.07%,$0.02B,$0.04B,34.88%,$0.03B,$0.02B,133.33%,$15,$1,$14,$0,$5,$6,$8,$-1,$7,$3,$4,$4,$4,$9,$8,$5,5,$0.85,$0.82,$13,$0,$0,$15,$1,$23,$0,$1,$28,$43,$20,$0,$2,$6,$26,$0,$17,$-0,$17,$43,$11,$1,$1,$2,$0,$-0,$0,$0,$2,$15,$-17,$0,$0,$1,$0,$1,$13,$-4,$11,$0,$11,$-4,$-4,$-26,$2,$-18,$-7,$1,$-26
25,2012-06-30,54.08,$2.96,18.26,$9.32,5.8,$-0.53,0.0,$2.78,19.45,$0.02B,$0.02B,0.74,$0.00B,$0.02B,0.0,$0.05B,$0.05B,95.92%,$0.05B,$0.03B,53.06%,$0.05B,$0.03B,53.06%,$0.05B,$0.03B,53.06%,$0.05B,$0.02B,48.98%,$0.05B,$0.01B,28.57%,$0.01B,$0.02B,59.57%,$0.01B,$0.02B,59.57%,$0.01B,$0.04B,32.56%,$0.03B,$0.02B,110.64%,$12,$1,$12,$0,$5,$6,$6,$-0,$6,$2,$3,$3,$3,$6,$6,$5,5,$0.67,$0.65,$14,$0,$0,$16,$1,$24,$0,$1,$26,$42,$22,$0,$2,$6,$28,$0,$15,$0,$15,$42,$7,$0,$-0,$0,$0,$-0,$-0,$1,$1,$8,$-11,$0,$0,$1,$0,$1,$9,$-1,$13,$0,$13,$-2,$-2,$-26,$1,$-14,$-7,$0,$-26
26,2012-03-31,53.47,$2.76,19.36,$9.91,5.4,$0.03,2048.82,$2.78,19.24,$0.02B,$0.02B,0.76,$0.00B,$0.01B,0.0,$0.05B,$0.05B,94.23%,$0.05B,$0.03B,50.00%,$0.05B,$0.03B,50.00%,$0.05B,$0.03B,50.00%,$0.05B,$0.02B,46.15%,$0.05B,$0.01B,26.92%,$0.01B,$0.01B,52.83%,$0.01B,$0.01B,52.83%,$0.01B,$0.04B,32.94%,$0.03B,$0.01B,98.11%,$12,$1,$11,$0,$5,$6,$6,$-0,$6,$2,$4,$4,$4,$6,$6,$5,5,$0.70,$0.67,$14,$0,$0,$15,$1,$18,$0,$1,$24,$39,$20,$0,$2,$5,$25,$2,$12,$0,$14,$39,$4,$0,$-0,$-0,$0,$-0,$-0,$0,$1,$5,$-4,$0,$0,$1,$0,$1,$5,$1,$12,$0,$12,$0,$0,$-26,$0,$-13,$-7,$0,$-26
27,2011-12-31,49.19,$7.04,6.99,$9.80,5.02,$0.56,87.87,$2.69,18.29,$0.02B,$0.01B,3.04,$0.00B,$0.04B,0.0,$0.05B,$0.05B,96.08%,$0.05B,$0.03B,49.02%,$0.05B,$0.03B,49.02%,$0.05B,$0.03B,49.02%,$0.05B,$0.02B,45.10%,$0.05B,$0.01B,25.49%,$0.01B,$0.04B,44.83%,$0.01B,$0.04B,44.83%,$0.01B,$0.05B,30.23%,$0.03B,$0.04B,86.21%,$13,$0,$13,$0,$5,$6,$7,$-0,$6,$2,$4,$4,$4,$7,$7,$5,5,$0.84,$0.80,$22,$0,$0,$24,$1,$22,$0,$1,$24,$48,$8,$0,$2,$5,$13,$1,$34,$0,$35,$48,$14,$1,$1,$2,$0,$0,$0,$4,$4,$21,$-21,$0,$0,$-1,$-1,$-2,$20,$-2,$-9,$0,$-9,$-2,$-2,$-1,$0,$-12,$7,$1,$-1
28,2011-09-30,39.61,$6.10,6.49,$9.28,4.27,$-0.08,0.0,$2.49,15.91,$0.02B,$0.01B,2.07,$0.00B,$0.03B,0.0,$0.05B,$0.05B,95.83%,$0.05B,$0.02B,47.92%,$0.05B,$0.02B,47.92%,$0.05B,$0.02B,50.00%,$0.05B,$0.02B,45.83%,$0.05B,$0.01B,25.00%,$0.01B,$0.03B,46.15%,$0.01B,$0.03B,46.15%,$0.01B,$0.04B,28.92%,$0.02B,$0.03B,88.46%,$12,$1,$11,$0,$4,$5,$7,$-1,$6,$3,$3,$3,$3,$7,$7,$5,5,$0.70,$0.66,$17,$0,$0,$19,$2,$21,$0,$1,$24,$43,$9,$0,$2,$3,$12,$0,$30,$-0,$30,$43,$10,$1,$1,$2,$0,$0,$0,$0,$4,$15,$-16,$0,$0,$-0,$-1,$-1,$15,$-2,$-9,$0,$-9,$-3,$-3,$-0,$0,$-12,$2,$1,$-0
29,2011-06-30,37.1,$5.45,6.8,$9.15,4.05,$-0.98,0.0,$2.34,15.86,$0.02B,$0.01B,1.62,$0.00B,$0.03B,0.0,$0.05B,$0.05B,95.74%,$0.05B,$0.02B,44.68%,$0.05B,$0.02B,44.68%,$0.05B,$0.02B,46.81%,$0.05B,$0.02B,44.68%,$0.05B,$0.01B,25.53%,$0.01B,$0.03B,51.06%,$0.01B,$0.03B,51.06%,$0.01B,$0.04B,28.57%,$0.02B,$0.03B,89.36%,$15,$1,$14,$0,$5,$9,$6,$-0,$6,$2,$3,$3,$3,$6,$6,$5,5,$0.68,$0.65,$13,$0,$0,$15,$2,$22,$0,$1,$25,$40,$9,$0,$2,$3,$13,$0,$27,$-0,$27,$40,$6,$1,$1,$1,$0,$0,$1,$0,$4,$11,$-11,$0,$0,$0,$-1,$-1,$11,$-1,$-9,$0,$-9,$-3,$-3,$-0,$0,$-11,$-1,$0,$-0
30,2011-03-31,39.47,$4.85,8.15,$8.15,4.84,$-1.42,0.0,$2.14,18.44,$0.02B,$0.01B,1.5,$0.00B,$0.02B,0.0,$0.04B,$0.04B,95.24%,$0.04B,$0.02B,45.24%,$0.04B,$0.02B,45.24%,$0.04B,$0.02B,50.00%,$0.04B,$0.02B,45.24%,$0.04B,$0.01B,26.19%,$0.01B,$0.02B,52.38%,$0.01B,$0.02B,52.38%,$0.01B,$0.04B,24.31%,$0.02B,$0.02B,78.35%,$11,$0,$11,$0,$5,$6,$5,$-0,$5,$2,$3,$3,$3,$5,$5,$5,5,$0.61,$0.58,$15,$0,$0,$17,$2,$21,$0,$1,$24,$41,$11,$0,$4,$5,$17,$0,$24,$0,$24,$41,$3,$0,$0,$0,$0,$0,$1,$0,$4,$8,$-5,$0,$0,$0,$0,$0,$4,$-0,$-5,$0,$-5,$-2,$-2,$-0,$0,$-7,$0,$0,$-0
31,2010-12-31,28.77,$4.58,6.28,$7.91,3.63,$-2.02,0.0,$1.98,14.53,$0.02B,$0.02B,1.24,$0.00B,$0.02B,0.0,$0.04B,$0.04B,92.68%,$0.04B,$0.02B,43.90%,$0.04B,$0.02B,43.90%,$0.04B,$0.02B,48.78%,$0.04B,$0.02B,43.90%,$0.04B,$0.01B,24.39%,$0.01B,$0.02B,51.95%,$0.01B,$0.02B,51.95%,$0.01B,$0.04B,20.30%,$0.02B,$0.02B,67.92%,$10,$0,$10,$0,$5,$5,$5,$-0,$5,$2,$3,$3,$3,$6,$5,$5,5,$0.61,$0.60,$16,$0,$0,$19,$2,$21,$0,$1,$23,$42,$15,$0,$2,$4,$19,$1,$22,$0,$23,$42,$10,$1,$1,$2,$-0,$0,$-0,$1,$0,$12,$-16,$0,$0,$1,$0,$1,$20,$5,$-22,$0,$-22,$-3,$-3,$-0,$0,$-25,$-7,$1,$-0
32,2010-09-30,28.58,$3.91,7.32,$7.66,3.73,$-1.87,0.0,$1.66,17.22,$0.02B,$0.02B,1.08,$0.00B,$0.02B,0.0,$0.04B,$0.04B,92.50%,$0.04B,$0.02B,40.00%,$0.04B,$0.02B,40.00%,$0.04B,$0.02B,42.50%,$0.04B,$0.02B,37.50%,$0.04B,$0.01B,20.00%,$0.01B,$0.02B,46.38%,$0.01B,$0.02B,46.38%,$0.01B,$0.05B,15.09%,$0.02B,$0.02B,55.17%,$11,$1,$10,$0,$4,$6,$5,$-0,$5,$2,$3,$3,$3,$5,$5,$5,5,$0.54,$0.51,$20,$0,$0,$24,$2,$19,$0,$1,$21,$45,$22,$0,$2,$3,$25,$0,$19,$-0,$20,$45,$7,$1,$1,$2,$-0,$0,$-0,$0,$-1,$8,$-13,$0,$0,$1,$0,$1,$15,$3,$-15,$0,$-15,$-3,$-3,$-0,$0,$-18,$-7,$1,$-0
33,2010-06-30,28.59,$3.36,8.52,$7.40,3.86,$-1.26,0.0,$1.48,19.31,$0.03B,$0.02B,1.53,$0.01B,$0.02B,0.8,$0.04B,$0.04B,92.31%,$0.04B,$0.01B,35.90%,$0.04B,$0.01B,35.90%,$0.04B,$0.02B,41.03%,$0.04B,$0.01B,33.33%,$0.04B,$0.01B,17.95%,$0.01B,$0.02B,42.42%,$0.01B,$0.02B,42.42%,$0.01B,$0.05B,12.28%,$0.01B,$0.03B,42.11%,$10,$1,$9,$0,$5,$6,$4,$-0,$4,$2,$2,$2,$2,$5,$4,$5,5,$0.47,$0.45,$28,$0,$0,$30,$2,$21,$0,$1,$23,$53,$20,$13,$2,$17,$37,$0,$17,$-0,$17,$53,$5,$1,$0,$1,$0,$-0,$0,$1,$1,$7,$-9,$0,$0,$1,$0,$1,$10,$2,$-5,$0,$-5,$-3,$-3,$-0,$0,$-8,$1,$0,$-0
34,2010-03-31,19.77,$3.36,5.89,$7.15,2.76,$-1.26,0.0,$1.25,15.81,$0.03B,$0.02B,1.65,$0.02B,$0.02B,0.92,$0.04B,$0.04B,92.11%,$0.04B,$0.01B,31.58%,$0.04B,$0.01B,31.58%,$0.04B,$0.01B,36.84%,$0.04B,$0.01B,28.95%,$0.04B,$0.01B,15.79%,$0.01B,$0.02B,36.92%,$0.01B,$0.02B,36.92%,$0.01B,$0.06B,10.13%,$0.01B,$0.03B,34.04%,$10,$0,$9,$0,$5,$6,$4,$-0,$4,$1,$2,$2,$2,$4,$4,$5,5,$0.43,$0.42,$31,$0,$0,$33,$2,$21,$0,$1,$24,$57,$20,$16,$3,$20,$40,$0,$17,$-0,$17,$57,$2,$0,$0,$1,$0,$-0,$-0,$1,$1,$4,$-4,$0,$0,$1,$0,$1,$5,$2,$-2,$0,$-2,$-0,$-0,$0,$0,$-2,$4,$0,$0
35,2009-12-31,18.34,$2.99,6.13,$6.97,2.63,$-1.74,0.0,$1.09,16.83,$0.03B,$0.02B,1.63,$0.02B,$0.02B,1.13,$0.04B,$0.04B,94.59%,$0.04B,$0.01B,29.73%,$0.04B,$0.01B,29.73%,$0.04B,$0.01B,35.14%,$0.04B,$0.01B,24.32%,$0.04B,$0.01B,13.51%,$0.01B,$0.02B,31.75%,$0.01B,$0.02B,31.75%,$0.01B,$0.06B,8.30%,$0.01B,$0.03B,30.34%,$9,$0,$9,$0,$5,$7,$3,$-0,$2,$1,$1,$1,$1,$3,$3,$5,5,$0.28,$0.29,$30,$0,$0,$33,$2,$22,$0,$1,$24,$57,$20,$17,$3,$21,$41,$0,$15,$0,$15,$57,$6,$1,$3,$4,$0,$0,$0,$3,$3,$14,$-16,$0,$0,$-1,$0,$-1,$19,$2,$-4,$0,$-4,$-5,$-5,$0,$0,$-9,$7,$1,$0
36,2009-09-30,17.61,$3.15,5.6,$6.78,2.6,$-3.63,0.0,$0.43,40.95,$0.03B,$0.02B,1.73,$0.02B,$0.02B,1.23,$0.04B,$0.03B,91.89%,$0.04B,$0.01B,27.03%,$0.04B,$0.01B,27.03%,$0.04B,$0.01B,35.14%,$0.04B,$0.01B,13.51%,$0.04B,$0.00B,5.41%,$0.00B,$0.02B,12.90%,$0.00B,$0.02B,12.90%,$0.00B,$0.06B,3.31%,$0.01B,$0.04B,27.03%,$10,$1,$9,$0,$5,$7,$3,$-0,$3,$1,$2,$2,$2,$4,$3,$5,5,$0.34,$0.33,$31,$0,$0,$33,$2,$25,$0,$1,$27,$61,$19,$20,$4,$25,$44,$0,$16,$0,$17,$61,$4,$1,$2,$3,$0,$0,$0,$2,$4,$11,$-13,$0,$0,$-0,$0,$-0,$15,$2,$-2,$0,$-2,$-2,$-2,$0,$0,$-4,$9,$1,$0
37,2009-06-30,14.94,$2.93,5.1,$6.59,2.27,$-5.20,0.0,$0.34,43.93,$0.03B,$0.02B,1.59,$0.02B,$0.02B,1.44,$0.04B,$0.03B,91.67%,$0.04B,$0.01B,27.78%,$0.04B,$0.01B,27.78%,$0.04B,$0.01B,33.33%,$0.04B,$0.00B,11.11%,$0.04B,$0.00B,2.78%,$0.00B,$0.02B,6.45%,$0.00B,$0.02B,6.45%,$0.00B,$0.06B,1.65%,$0.01B,$0.04B,26.49%,$9,$1,$8,$0,$5,$7,$2,$-0,$2,$1,$1,$1,$1,$3,$2,$5,5,$0.22,$0.22,$27,$0,$0,$30,$2,$29,$0,$1,$32,$62,$19,$22,$4,$27,$46,$0,$15,$0,$16,$62,$3,$1,$1,$2,$0,$0,$0,$2,$3,$7,$-9,$0,$0,$-0,$0,$-0,$10,$0,$0,$0,$0,$-1,$-1,$0,$0,$-1,$7,$0,$0
38,2009-03-31,10.15,$2.72,3.72,$6.50,1.56,$-6.41,0.0,$0.29,34.99,$0.03B,$0.02B,1.42,$0.02B,$0.02B,1.56,$0.04B,$0.03B,91.67%,$0.04B,$0.01B,27.78%,$0.04B,$0.01B,27.78%,$0.04B,$0.01B,30.56%,$0.04B,$0.00B,11.11%,$0.04B,$0.00B,2.78%,$0.00B,$0.02B,6.45%,$0.00B,$0.02B,6.45%,$0.00B,$0.06B,1.65%,$0.01B,$0.04B,25.48%,$9,$1,$9,$0,$5,$7,$3,$-0,$2,$1,$1,$1,$1,$3,$3,$5,5,$0.26,$0.26,$22,$0,$0,$27,$2,$31,$0,$1,$34,$61,$19,$23,$4,$28,$47,$0,$15,$-0,$15,$61,$1,$0,$0,$1,$0,$-0,$0,$2,$1,$3,$-6,$0,$0,$-0,$0,$-0,$6,$-0,$1,$0,$1,$-1,$-1,$0,$0,$0,$3,$0,$0
39,2008-12-31,9.82,$2.56,3.84,$6.39,1.54,$-7.03,0.0,$0.20,49.08,$0.03B,$0.02B,1.33,$0.02B,$0.01B,1.59,$0.04B,$0.03B,88.89%,$0.04B,$0.01B,25.00%,$0.04B,$0.01B,25.00%,$0.04B,$0.01B,27.78%,$0.04B,$0.00B,11.11%,$0.04B,$0.00B,2.78%,$0.00B,$0.01B,6.45%,$0.00B,$0.01B,6.45%,$0.00B,$0.06B,1.65%,$0.01B,$0.04B,22.36%,$9,$1,$8,$0,$5,$7,$2,$-3,$-2,$1,$-2,$-2,$-2,$3,$2,$6,6,$-0.37,$-0.37,$20,$0,$0,$25,$1,$32,$0,$1,$33,$58,$19,$22,$3,$26,$44,$0,$14,$-0,$14,$58,$1,$1,$5,$7,$0,$0,$-0,$2,$1,$9,$-22,$0,$0,$-0,$0,$-0,$15,$-8,$-3,$0,$-3,$-2,$-2,$0,$4,$-1,$1,$1,$0
40,2008-09-30,14.21,$3.08,4.61,$6.25,2.27,$-9.54,0.0,$0.73,19.47,$0.02B,$0.02B,1.34,$0.02B,$0.02B,1.36,$0.04B,$0.03B,88.57%,$0.04B,$0.01B,25.71%,$0.04B,$0.01B,25.71%,$0.04B,$0.01B,25.71%,$0.04B,$0.01B,22.86%,$0.04B,$0.00B,11.43%,$0.00B,$0.02B,26.23%,$0.00B,$0.02B,26.23%,$0.00B,$0.06B,6.61%,$0.01B,$0.04B,21.95%,$9,$1,$8,$0,$5,$7,$3,$-0,$2,$1,$1,$1,$1,$3,$3,$6,6,$0.24,$0.24,$20,$0,$0,$24,$1,$36,$0,$1,$38,$62,$18,$23,$3,$27,$45,$1,$16,$0,$17,$62,$3,$0,$2,$2,$0,$0,$-0,$1,$1,$6,$-17,$0,$0,$0,$0,$0,$11,$-6,$-2,$0,$-2,$-1,$-1,$0,$4,$1,$2,$1,$0
41,2008-06-30,15.87,$2.84,5.6,$6.04,2.63,$-10.81,0.0,$0.70,22.68,$0.02B,$0.02B,1.47,$0.03B,$0.02B,1.81,$0.03B,$0.03B,88.24%,$0.03B,$0.01B,23.53%,$0.03B,$0.01B,23.53%,$0.03B,$0.01B,23.53%,$0.03B,$0.01B,23.53%,$0.03B,$0.00B,11.76%,$0.00B,$0.02B,28.07%,$0.00B,$0.02B,28.07%,$0.00B,$0.06B,6.96%,$0.01B,$0.04B,20.25%,$9,$1,$8,$0,$5,$7,$2,$-0,$2,$1,$1,$1,$1,$2,$2,$6,6,$0.17,$0.17,$19,$0,$0,$23,$1,$37,$0,$1,$39,$62,$16,$28,$2,$31,$46,$1,$14,$0,$16,$62,$2,$-0,$1,$1,$0,$0,$-0,$1,$0,$3,$-12,$0,$0,$0,$0,$0,$8,$-5,$-1,$0,$-1,$-0,$-0,$0,$4,$3,$1,$0,$0
42,2008-03-31,15.36,$2.67,5.75,$5.83,2.64,$-11.03,0.0,$0.63,24.39,$0.02B,$0.02B,1.1,$0.03B,$0.02B,1.77,$0.03B,$0.03B,84.85%,$0.03B,$0.01B,21.21%,$0.03B,$0.01B,21.21%,$0.03B,$0.01B,21.21%,$0.03B,$0.01B,21.21%,$0.03B,$0.00B,9.09%,$0.00B,$0.02B,22.22%,$0.00B,$0.02B,22.22%,$0.00B,$0.06B,5.61%,$0.01B,$0.04B,20.00%,$9,$1,$8,$0,$5,$7,$2,$-0,$2,$1,$1,$1,$1,$2,$2,$6,6,$0.17,$0.17,$15,$0,$0,$20,$1,$39,$0,$1,$41,$61,$18,$26,$2,$28,$46,$2,$13,$0,$15,$61,$1,$0,$0,$1,$0,$0,$-0,$1,$0,$2,$-8,$0,$0,$0,$0,$0,$4,$-4,$-1,$0,$-1,$-0,$-0,$0,$3,$2,$0,$0,$0
43,2007-12-31,17.92,$2.34,7.67,$5.56,3.22,$-10.91,0.0,$0.58,30.9,$0.02B,$0.02B,0.96,$0.03B,$0.01B,2.07,$0.03B,$0.03B,81.25%,$0.03B,$0.01B,18.75%,$0.03B,$0.01B,18.75%,$0.03B,$0.01B,18.75%,$0.03B,$0.01B,18.75%,$0.03B,$0.00B,9.38%,$0.00B,$0.01B,23.08%,$0.00B,$0.01B,23.08%,$0.00B,$0.06B,6.15%,$0.01B,$0.04B,19.35%,$8,$1,$7,$0,$5,$6,$2,$-0,$2,$1,$1,$1,$1,$2,$2,$5,6,$0.16,$0.15,$12,$0,$0,$16,$1,$39,$0,$1,$41,$57,$16,$26,$1,$28,$44,$0,$12,$0,$13,$57,$3,$0,$1,$1,$-0,$-0,$-0,$2,$3,$7,$-34,$0,$0,$0,$2,$2,$9,$-23,$21,$0,$21,$-5,$-5,$0,$0,$16,$0,$1,$0
44,2007-09-30,17.06,$2.46,6.93,$5.27,3.24,$-7.90,0.0,$0.57,29.93,$0.02B,$0.02B,1.0,$0.02B,$0.01B,1.59,$0.03B,$0.03B,80.65%,$0.03B,$0.01B,16.13%,$0.03B,$0.01B,16.13%,$0.03B,$0.01B,16.13%,$0.03B,$0.01B,16.13%,$0.03B,$0.00B,9.68%,$0.00B,$0.01B,22.64%,$0.00B,$0.01B,22.64%,$0.00B,$0.05B,6.90%,$0.01B,$0.03B,18.02%,$8,$1,$7,$0,$5,$6,$2,$-0,$2,$1,$1,$1,$1,$2,$2,$5,6,$0.21,$0.20,$10,$0,$0,$15,$1,$33,$0,$1,$35,$50,$15,$21,$0,$22,$36,$0,$13,$0,$13,$50,$2,$0,$1,$1,$0,$0,$-1,$2,$1,$4,$-22,$0,$0,$0,$2,$2,$6,$-14,$15,$0,$15,$-5,$-5,$0,$0,$9,$-0,$0,$0
45,2007-06-30,16.44,$2.32,7.08,$5.08,3.24,$-6.17,0.0,$0.50,32.88,$0.01B,$0.02B,0.73,$0.01B,$0.01B,1.04,$0.03B,$0.02B,80.00%,$0.03B,$0.01B,16.67%,$0.03B,$0.01B,16.67%,$0.03B,$0.01B,16.67%,$0.03B,$0.00B,13.33%,$0.03B,$0.00B,10.00%,$0.00B,$0.01B,21.82%,$0.00B,$0.01B,22.22%,$0.00B,$0.05B,7.55%,$0.01B,$0.03B,19.23%,$8,$1,$6,$0,$5,$6,$1,$-0,$1,$0,$0,$0,$0,$1,$1,$5,6,$0.08,$0.08,$10,$0,$0,$14,$1,$30,$0,$1,$32,$46,$20,$13,$0,$14,$33,$0,$13,$0,$13,$46,$1,$0,$0,$1,$-0,$-0,$-0,$1,$1,$2,$-12,$0,$0,$0,$0,$0,$4,$-8,$11,$0,$11,$-5,$-5,$0,$0,$7,$1,$0,$0
46,2007-03-31,16.31,$2.33,7.0,$4.75,3.43,$-5.44,0.0,$0.51,31.98,$0.01B,$0.02B,0.78,$0.01B,$0.01B,1.0,$0.03B,$0.02B,85.71%,$0.03B,$0.01B,17.86%,$0.03B,$0.01B,17.86%,$0.03B,$0.01B,17.86%,$0.03B,$0.00B,14.29%,$0.03B,$0.00B,14.29%,$0.00B,$0.01B,28.57%,$0.00B,$0.01B,29.63%,$0.00B,$0.04B,11.03%,$0.01B,$0.03B,21.05%,$8,$1,$6,$0,$5,$6,$1,$-0,$1,$0,$1,$1,$1,$1,$1,$6,6,$0.11,$0.11,$8,$0,$0,$13,$1,$28,$0,$1,$30,$42,$16,$13,$0,$13,$29,$0,$13,$0,$13,$42,$1,$0,$0,$0,$-0,$-0,$-0,$1,$-0,$1,$-7,$0,$0,$0,$0,$0,$2,$-5,$8,$0,$8,$-4,$-4,$0,$0,$4,$-0,$0,$0
47,2006-12-31,17.23,$2.50,6.88,$4.53,3.81,$-4.69,0.0,$0.57,30.23,$0.01B,$0.01B,1.25,$0.01B,$0.01B,0.86,$0.03B,$0.02B,88.89%,$0.03B,$0.01B,18.52%,$0.03B,$0.01B,18.52%,$0.03B,$0.01B,18.52%,$0.03B,$0.01B,18.52%,$0.03B,$0.00B,14.81%,$0.00B,$0.01B,24.24%,$0.00B,$0.01B,25.00%,$0.00B,$0.04B,12.21%,$0.01B,$0.03B,21.51%,$7,$1,$6,$0,$4,$6,$1,$-0,$1,$1,$1,$1,$1,$1,$1,$6,6,$0.14,$0.13,$7,$0,$0,$12,$1,$22,$0,$1,$24,$36,$9,$12,$0,$13,$22,$1,$14,$0,$14,$36,$3,$0,$0,$0,$-0,$-0,$0,$1,$1,$5,$-16,$0,$0,$0,$0,$0,$4,$-12,$16,$0,$16,$-11,$-11,$0,$1,$5,$-2,$1,$0
