,Date,Stock Price,Book Value per Share,Price to Book Ratio,TTM Sales per Share,Price to Sales Ratio,TTM FCF per Share,Price to FCF Ratio,TTM Net EPS,PE Ratio,Current Assets,Current Liabilities,Current Ratio,Long Term Debt,Shareholder's Equity_x,Debt to Equity Ratio,TTM Revenue_x,TTM Gross Profit,Gross Margin,TTM Revenue_y,TTM Operating Income,Operating Margin,TTM Revenue_x,TTM EBIT,EBIT Margin,TTM Revenue_y,TTM EBITDA,EBITDA Margin,TTM Revenue_x,TTM Pre-Tax Income,Pre-Tax Margin,TTM Revenue_y,TTM Net Income_x,Net Margin,TTM Net Income_y,Shareholder's Equity_y,Return on Equity,TTM Net Income_x,Tangible Equity,Return on Tangible Equity,TTM Net Income_y,Total Assets,Return on Assets,TTM Net Income,LT Investments & Debt,Return on Investment,revenue,cost-goods-sold,gross-profit,research-development-expenses,selling-general-administrative-expenses,operating-expenses,operating-income,total-non-operating-income-expense,pre-tax-income,total-provision-income-taxes,income-after-taxes,income-from-continuous-operations,net-income,ebitda,ebit,basic-shares-outstanding,shares-outstanding,eps-basic-net-earnings-per-share,eps-earnings-per-share-diluted,cash-on-hand,inventory,other-current-assets,total-current-assets,net-property-plant-equipment,long-term-investments,goodwill-intangible-assets-total,other-long-term-assets,total-long-term-assets,total-assets,total-current-liabilities,long-term-debt,other-non-current-liabilities,total-long-term-liabilities,total-liabilities,common-stock-net,retained-earnings-accumulated-deficit,comprehensive-income,total-share-holder-equity,total-liabilities-share-holders-equity,net-income-loss,total-depreciation-amortization-cash-flow,other-non-cash-items,total-non-cash-items,change-in-accounts-receivable,change-in-inventories,change-in-accounts-payable,change-in-assets-liabilities,total-change-in-assets-liabilities,cash-flow-from-operating-activities,net-change-in-property-plant-equipment,net-change-in-intangible-assets,net-acquisitions-divestitures,net-change-in-short-term-investments,net-change-in-long-term-investments,net-change-in-investments-total,investing-activities-other,cash-flow-from-investing-activities,net-long-term-debt,net-current-debt,debt-issuance-retirement-net-total,net-common-equity-issued-repurchased,net-total-equity-issued-repurchased,total-common-preferred-stock-dividends-paid,financial-activities-other,cash-flow-from-financial-activities,net-cash-flow,stock-based-compensation,common-stock-dividends-paid
0,2018-09-30,50.1,$33.32,1.5,$60.78,0.82,$0.15,335.12,$3.89,12.88,$0.50B,$0.08B,6.17,$0.00B,$0.70B,0.0,$1.27B,$0.18B,14.02%,$1.27B,$0.09B,7.09%,$1.27B,$0.09B,7.09%,$1.27B,$0.11B,8.43%,$1.27B,$0.09B,7.24%,$1.27B,$0.08B,6.38%,$0.08B,$0.70B,12.18%,$0.08B,$0.70B,12.18%,$0.08B,$0.80B,10.69%,$0.09B,$0.70B,13.53%,$341,$286,$55,$0,$24,$310,$30,$1,$31,$7,$24,$24,$24,$34,$30,$21,21,$1.14,$1.13,$134,$96,$0,$503,$296,$0,$0,$0,$296,$799,$82,$0,$0,$23,$104,$0,$726,$0,$695,$799,$53,$12,$3,$15,$-42,$-4,$0,$0,$-35,$33,$-21,$0,$0,$0,$0,$0,$0,$-21,$0,$0,$0,$0,$0,$-1,$0,$-1,$11,$1,$-1
1,2018-06-30,47.43,$32.20,1.47,$58.50,0.81,$-0.15,0.0,$3.43,13.83,$0.46B,$0.06B,7.48,$0.00B,$0.67B,0.0,$1.22B,$0.16B,13.27%,$1.22B,$0.08B,6.55%,$1.22B,$0.08B,6.55%,$1.22B,$0.10B,7.94%,$1.22B,$0.08B,6.63%,$1.22B,$0.07B,5.81%,$0.07B,$0.67B,11.02%,$0.07B,$0.67B,11.02%,$0.07B,$0.76B,9.66%,$0.08B,$0.67B,12.41%,$337,$292,$44,$0,$21,$314,$23,$0,$23,$5,$18,$18,$18,$27,$23,$21,21,$0.87,$0.86,$102,$97,$0,$461,$293,$0,$0,$0,$294,$755,$62,$0,$0,$22,$83,$0,$703,$0,$671,$755,$29,$8,$2,$10,$-30,$-5,$0,$0,$-45,$-6,$-15,$0,$0,$0,$0,$0,$0,$-15,$0,$0,$0,$0,$0,$-1,$0,$-1,$-21,$1,$-1
2,2018-03-31,56.66,$31.34,1.81,$56.40,1.0,$0.39,144.9,$3.09,18.34,$0.45B,$0.07B,6.57,$0.00B,$0.65B,0.0,$1.18B,$0.15B,13.10%,$1.18B,$0.07B,6.29%,$1.18B,$0.07B,6.29%,$1.18B,$0.09B,7.65%,$1.18B,$0.08B,6.38%,$1.18B,$0.06B,5.44%,$0.06B,$0.65B,10.22%,$0.06B,$0.65B,10.22%,$0.06B,$0.74B,8.89%,$0.07B,$0.65B,11.82%,$291,$254,$37,$0,$23,$277,$15,$0,$15,$4,$11,$11,$11,$19,$15,$21,21,$0.54,$0.54,$108,$94,$0,$453,$290,$0,$0,$0,$290,$743,$69,$0,$0,$21,$90,$0,$685,$0,$653,$743,$11,$4,$0,$4,$-20,$-2,$0,$1,$-24,$-8,$-7,$0,$0,$0,$0,$0,$0,$-7,$0,$0,$0,$0,$0,$-0,$0,$-0,$-16,$1,$-0
3,2017-12-31,48.59,$30.79,1.58,$55.87,0.87,$0.69,70.13,$3.20,15.19,$0.45B,$0.07B,6.24,$0.00B,$0.64B,0.0,$1.16B,$0.16B,13.40%,$1.16B,$0.08B,6.79%,$1.16B,$0.08B,6.79%,$1.16B,$0.10B,8.16%,$1.16B,$0.08B,6.87%,$1.16B,$0.07B,5.76%,$0.07B,$0.64B,10.99%,$0.07B,$0.64B,10.99%,$0.07B,$0.73B,9.52%,$0.08B,$0.64B,12.96%,$301,$259,$42,$0,$20,$279,$22,$0,$23,$-6,$28,$28,$28,$27,$22,$21,21,$1.37,$1.37,$123,$92,$0,$447,$287,$0,$0,$0,$287,$734,$72,$0,$0,$21,$93,$0,$674,$0,$641,$734,$67,$16,$-13,$3,$-44,$1,$25,$0,$-22,$48,$-21,$0,$0,$0,$0,$0,$0,$-21,$0,$0,$0,$2,$2,$-2,$-0,$0,$28,$1,$-2
4,2017-09-30,44.7,$29.44,1.52,$52.94,0.84,$0.20,223.96,$2.39,18.7,$0.42B,$0.06B,6.82,$0.00B,$0.61B,0.0,$1.10B,$0.15B,13.43%,$1.10B,$0.07B,6.72%,$1.10B,$0.07B,6.72%,$1.10B,$0.09B,8.08%,$1.10B,$0.07B,6.72%,$1.10B,$0.05B,4.54%,$0.05B,$0.61B,8.44%,$0.05B,$0.61B,8.44%,$0.05B,$0.71B,7.30%,$0.07B,$0.61B,12.48%,$292,$253,$39,$0,$19,$272,$20,$0,$20,$6,$14,$14,$14,$24,$20,$21,21,$0.67,$0.67,$101,$95,$0,$423,$286,$0,$0,$0,$286,$708,$62,$0,$0,$34,$96,$0,$646,$0,$613,$708,$39,$12,$0,$12,$-38,$-2,$0,$-0,$-29,$21,$-15,$0,$0,$0,$0,$0,$0,$-15,$0,$0,$0,$1,$1,$-1,$-0,$-0,$6,$1,$-1
5,2017-06-30,42.61,$28.81,1.48,$50.34,0.85,$-0.02,0.0,$2.01,21.2,$0.41B,$0.06B,6.54,$0.00B,$0.60B,0.0,$1.05B,$0.14B,13.09%,$1.05B,$0.06B,6.02%,$1.05B,$0.06B,6.02%,$1.05B,$0.08B,7.45%,$1.05B,$0.06B,6.02%,$1.05B,$0.04B,4.01%,$0.04B,$0.60B,7.24%,$0.04B,$0.60B,7.24%,$0.04B,$0.70B,6.28%,$0.06B,$0.60B,10.86%,$292,$256,$36,$0,$19,$275,$17,$0,$17,$6,$11,$11,$11,$20,$17,$21,21,$0.53,$0.52,$86,$95,$0,$409,$286,$0,$0,$0,$286,$695,$63,$0,$0,$35,$97,$0,$632,$0,$598,$695,$25,$8,$1,$9,$-36,$-2,$0,$-1,$-33,$1,$-10,$0,$0,$0,$0,$0,$0,$-10,$0,$0,$0,$0,$0,$-1,$-0,$-0,$-10,$1,$-1
6,2017-03-31,45.88,$28.29,1.62,$47.85,0.96,$0.56,82.58,$1.87,24.54,$0.40B,$0.06B,6.72,$0.00B,$0.59B,0.0,$0.99B,$0.13B,13.08%,$0.99B,$0.06B,5.84%,$0.99B,$0.06B,5.84%,$0.99B,$0.07B,7.44%,$0.99B,$0.06B,5.84%,$0.99B,$0.04B,3.92%,$0.04B,$0.59B,6.85%,$0.04B,$0.59B,6.85%,$0.04B,$0.68B,5.96%,$0.06B,$0.59B,10.19%,$279,$240,$39,$0,$19,$259,$20,$0,$20,$7,$14,$14,$14,$24,$20,$21,21,$0.66,$0.65,$86,$96,$0,$396,$283,$0,$0,$0,$283,$679,$59,$0,$0,$33,$92,$0,$622,$0,$587,$679,$14,$4,$-1,$3,$-27,$-2,$0,$0,$-21,$-4,$-5,$0,$0,$0,$0,$0,$0,$-5,$0,$0,$0,$0,$0,$-0,$-0,$-0,$-9,$0,$-0
7,2016-12-31,43.22,$27.64,1.56,$45.31,0.95,$0.98,44.28,$1.63,26.52,$0.38B,$0.05B,7.4,$0.00B,$0.57B,0.0,$0.94B,$0.12B,12.86%,$0.94B,$0.05B,5.42%,$0.94B,$0.05B,5.42%,$0.94B,$0.07B,7.23%,$0.94B,$0.05B,5.42%,$0.94B,$0.03B,3.61%,$0.03B,$0.57B,6.08%,$0.03B,$0.57B,6.08%,$0.03B,$0.66B,5.32%,$0.05B,$0.57B,9.12%,$239,$206,$34,$0,$17,$222,$17,$0,$17,$6,$11,$11,$11,$21,$17,$21,21,$0.54,$0.55,$96,$93,$0,$376,$281,$0,$0,$0,$282,$658,$51,$0,$0,$34,$85,$0,$609,$0,$573,$658,$34,$17,$1,$18,$1,$2,$-8,$0,$7,$59,$-42,$0,$0,$0,$0,$0,$0,$-42,$0,$0,$0,$1,$1,$-2,$-0,$-0,$17,$1,$-2
8,2016-09-30,36.64,$27.10,1.35,$45.86,0.8,$1.47,24.89,$1.61,22.76,$0.37B,$0.05B,7.01,$0.00B,$0.56B,0.0,$0.95B,$0.12B,12.59%,$0.95B,$0.05B,5.35%,$0.95B,$0.05B,5.35%,$0.95B,$0.07B,7.14%,$0.95B,$0.05B,5.35%,$0.95B,$0.03B,3.57%,$0.03B,$0.56B,6.17%,$0.03B,$0.56B,6.17%,$0.03B,$0.64B,5.38%,$0.05B,$0.56B,9.26%,$237,$209,$28,$0,$19,$228,$9,$0,$9,$3,$6,$6,$6,$13,$9,$21,21,$0.29,$0.29,$80,$94,$0,$366,$278,$0,$0,$0,$278,$644,$52,$0,$0,$31,$83,$0,$598,$0,$562,$644,$22,$13,$4,$17,$3,$1,$0,$-0,$0,$40,$-39,$0,$0,$0,$0,$0,$0,$-39,$0,$0,$0,$1,$1,$-1,$-0,$-0,$1,$1,$-1
9,2016-06-30,37.15,$26.81,1.39,$47.09,0.79,$1.80,20.68,$2.02,18.39,$0.36B,$0.05B,6.64,$0.00B,$0.56B,0.0,$0.98B,$0.13B,13.28%,$0.98B,$0.06B,6.54%,$0.98B,$0.06B,6.54%,$0.98B,$0.08B,8.27%,$0.98B,$0.06B,6.54%,$0.98B,$0.04B,4.39%,$0.04B,$0.56B,7.93%,$0.04B,$0.56B,7.93%,$0.04B,$0.64B,6.92%,$0.06B,$0.56B,11.81%,$239,$210,$29,$0,$17,$227,$12,$0,$12,$4,$8,$8,$8,$16,$12,$21,21,$0.38,$0.38,$81,$96,$0,$361,$269,$0,$0,$6,$275,$636,$54,$0,$0,$27,$81,$0,$592,$0,$555,$636,$16,$9,$1,$10,$7,$-0,$0,$-0,$-2,$24,$-21,$0,$0,$0,$0,$0,$0,$-21,$0,$0,$0,$0,$0,$-1,$0,$-1,$2,$1,$-1
10,2016-03-31,38.75,$26.45,1.47,$47.77,0.81,$1.25,30.93,$2.18,17.78,$0.36B,$0.05B,7.71,$0.00B,$0.55B,0.0,$0.99B,$0.13B,13.48%,$0.99B,$0.07B,6.94%,$0.99B,$0.07B,6.94%,$0.99B,$0.09B,8.65%,$0.99B,$0.07B,6.94%,$0.99B,$0.05B,4.63%,$0.05B,$0.55B,8.65%,$0.05B,$0.55B,8.65%,$0.05B,$0.62B,7.55%,$0.07B,$0.55B,12.97%,$226,$195,$30,$0,$17,$213,$13,$0,$13,$4,$9,$9,$9,$18,$13,$21,21,$0.42,$0.41,$79,$98,$0,$356,$260,$0,$0,$3,$263,$620,$46,$0,$0,$26,$73,$0,$585,$0,$547,$620,$9,$5,$-1,$4,$11,$-3,$0,$1,$-4,$8,$-9,$0,$0,$0,$0,$0,$0,$-9,$0,$0,$0,$0,$0,$-0,$0,$-0,$-1,$0,$-0
11,2015-12-31,36.9,$26.04,1.42,$48.94,0.75,$1.21,30.42,$2.29,16.11,$0.37B,$0.05B,6.82,$0.00B,$0.54B,0.0,$1.02B,$0.14B,13.36%,$1.02B,$0.07B,7.07%,$1.02B,$0.07B,7.07%,$1.02B,$0.09B,8.64%,$1.02B,$0.07B,7.07%,$1.02B,$0.05B,4.72%,$0.05B,$0.54B,9.21%,$0.05B,$0.54B,9.21%,$0.05B,$0.63B,8.04%,$0.07B,$0.54B,13.81%,$251,$218,$33,$0,$17,$234,$17,$0,$17,$6,$11,$11,$11,$21,$17,$21,21,$0.53,$0.53,$79,$95,$0,$370,$255,$0,$0,$3,$258,$628,$54,$0,$0,$35,$89,$0,$576,$0,$539,$628,$48,$16,$17,$33,$21,$-17,$-6,$-2,$-10,$71,$-43,$0,$0,$0,$0,$0,$0,$-43,$0,$0,$0,$-1,$-1,$-2,$0,$-3,$24,$1,$-2
12,2015-09-30,32.5,$25.50,1.27,$50.57,0.64,$0.81,40.2,$2.00,16.25,$0.35B,$0.06B,6.2,$0.00B,$0.53B,0.0,$1.05B,$0.13B,12.17%,$1.05B,$0.06B,5.89%,$1.05B,$0.06B,5.89%,$1.05B,$0.08B,7.41%,$1.05B,$0.06B,5.89%,$1.05B,$0.04B,3.99%,$0.04B,$0.53B,8.24%,$0.04B,$0.53B,8.24%,$0.04B,$0.60B,7.20%,$0.06B,$0.53B,12.16%,$263,$224,$38,$0,$16,$240,$22,$0,$22,$8,$15,$15,$15,$26,$22,$21,21,$0.70,$0.70,$59,$98,$0,$351,$251,$0,$0,$0,$252,$603,$57,$0,$0,$20,$77,$0,$566,$0,$527,$603,$37,$12,$8,$20,$15,$-20,$0,$-0,$-14,$43,$-35,$0,$0,$0,$0,$0,$0,$-35,$0,$0,$0,$-2,$-2,$-1,$0,$-4,$4,$1,$-1
13,2015-06-30,44.02,$24.84,1.77,$52.21,0.84,$0.57,77.52,$1.83,24.05,$0.34B,$0.05B,6.75,$0.00B,$0.52B,0.0,$1.09B,$0.12B,11.42%,$1.09B,$0.06B,5.25%,$1.09B,$0.06B,5.25%,$1.09B,$0.07B,6.63%,$1.09B,$0.06B,5.25%,$1.09B,$0.04B,3.50%,$0.04B,$0.52B,7.60%,$0.04B,$0.52B,7.60%,$0.04B,$0.59B,6.62%,$0.06B,$0.52B,11.40%,$254,$221,$33,$0,$16,$237,$17,$0,$17,$6,$11,$11,$11,$21,$17,$21,21,$0.55,$0.54,$46,$93,$0,$341,$243,$0,$0,$0,$244,$585,$51,$0,$0,$19,$70,$0,$552,$0,$515,$585,$22,$8,$3,$11,$7,$-14,$0,$-0,$-19,$14,$-22,$0,$0,$0,$0,$0,$0,$-22,$0,$0,$0,$0,$0,$-1,$0,$-0,$-9,$1,$-1
14,2015-03-31,37.65,$24.31,1.55,$54.77,0.69,$0.15,246.7,$1.78,21.15,$0.34B,$0.05B,6.89,$0.00B,$0.50B,0.0,$1.14B,$0.13B,10.97%,$1.14B,$0.06B,4.83%,$1.14B,$0.06B,4.83%,$1.14B,$0.07B,6.15%,$1.14B,$0.06B,4.83%,$1.14B,$0.04B,3.25%,$0.04B,$0.50B,7.54%,$0.04B,$0.50B,7.54%,$0.04B,$0.57B,6.57%,$0.06B,$0.50B,11.21%,$250,$218,$32,$0,$16,$234,$16,$0,$16,$6,$11,$11,$11,$20,$16,$21,21,$0.52,$0.52,$53,$85,$0,$337,$235,$0,$0,$0,$235,$573,$49,$0,$0,$20,$69,$0,$541,$0,$504,$573,$11,$4,$-0,$4,$11,$-7,$0,$1,$-5,$9,$-10,$0,$0,$0,$0,$0,$0,$-10,$0,$0,$0,$0,$0,$-0,$0,$-0,$-1,$0,$-0
15,2014-12-31,37.08,$23.80,1.56,$56.03,0.66,$0.21,176.32,$1.78,20.83,$0.35B,$0.06B,5.82,$0.00B,$0.49B,0.0,$1.17B,$0.13B,10.72%,$1.17B,$0.06B,4.80%,$1.17B,$0.06B,4.80%,$1.17B,$0.07B,6.09%,$1.17B,$0.06B,4.80%,$1.17B,$0.04B,3.17%,$0.04B,$0.49B,7.68%,$0.04B,$0.49B,7.68%,$0.04B,$0.57B,6.68%,$0.06B,$0.49B,11.62%,$285,$260,$25,$0,$18,$278,$7,$0,$7,$2,$5,$5,$5,$11,$7,$21,21,$0.25,$0.24,$55,$78,$0,$345,$227,$0,$0,$1,$227,$573,$59,$0,$0,$20,$80,$0,$530,$0,$493,$573,$37,$15,$3,$18,$9,$-7,$9,$0,$8,$63,$-44,$0,$0,$0,$0,$0,$-0,$-44,$0,$0,$0,$1,$1,$-2,$0,$-1,$18,$1,$-2
16,2014-09-30,36.8,$23.57,1.56,$56.46,0.65,$-0.52,0.0,$2.08,17.69,$0.35B,$0.06B,6.3,$0.00B,$0.49B,0.0,$1.18B,$0.13B,11.32%,$1.18B,$0.07B,5.62%,$1.18B,$0.07B,5.62%,$1.18B,$0.08B,6.89%,$1.18B,$0.07B,5.62%,$1.18B,$0.04B,3.66%,$0.04B,$0.49B,9.10%,$0.04B,$0.49B,9.10%,$0.04B,$0.56B,7.94%,$0.07B,$0.49B,13.96%,$297,$263,$34,$0,$17,$281,$17,$0,$17,$6,$11,$11,$11,$20,$17,$21,21,$0.53,$0.53,$39,$80,$0,$352,$210,$0,$0,$2,$212,$564,$56,$0,$0,$20,$76,$0,$526,$0,$488,$564,$32,$12,$3,$15,$-14,$-10,$0,$-1,$-18,$29,$-27,$0,$0,$0,$0,$0,$-0,$-27,$0,$0,$0,$0,$0,$-1,$0,$-1,$2,$1,$-1
17,2014-06-30,48.64,$23.05,2.11,$57.10,0.85,$-1.47,0.0,$2.21,22.01,$0.34B,$0.05B,7.59,$0.00B,$0.48B,0.0,$1.19B,$0.14B,11.53%,$1.19B,$0.07B,5.89%,$1.19B,$0.07B,5.89%,$1.19B,$0.09B,7.24%,$1.19B,$0.07B,5.89%,$1.19B,$0.05B,3.87%,$0.05B,$0.48B,9.96%,$0.05B,$0.48B,9.96%,$0.05B,$0.54B,8.64%,$0.07B,$0.48B,15.15%,$307,$274,$34,$0,$18,$292,$15,$0,$15,$5,$10,$10,$10,$19,$15,$21,21,$0.49,$0.49,$19,$80,$0,$340,$201,$0,$0,$2,$202,$543,$45,$0,$0,$20,$65,$0,$515,$0,$478,$543,$21,$8,$4,$12,$-23,$-9,$0,$-1,$-36,$-3,$-14,$0,$0,$0,$0,$0,$-0,$-14,$0,$0,$0,$0,$0,$-1,$0,$-0,$-18,$0,$-1
18,2014-03-31,48.09,$22.57,2.13,$56.32,0.85,$-2.18,0.0,$2.47,19.47,$0.34B,$0.05B,7.29,$0.00B,$0.47B,0.0,$1.17B,$0.14B,12.22%,$1.17B,$0.08B,6.75%,$1.17B,$0.08B,6.75%,$1.17B,$0.10B,8.12%,$1.17B,$0.08B,6.75%,$1.17B,$0.05B,4.44%,$0.05B,$0.47B,11.54%,$0.05B,$0.47B,11.54%,$0.05B,$0.53B,9.98%,$0.08B,$0.47B,17.54%,$277,$245,$32,$0,$15,$260,$17,$0,$17,$6,$11,$11,$11,$21,$17,$21,21,$0.52,$0.52,$37,$76,$0,$336,$197,$0,$0,$2,$198,$534,$46,$0,$0,$21,$67,$0,$505,$0,$468,$534,$11,$4,$4,$8,$-3,$-5,$0,$1,$-12,$6,$-6,$0,$0,$0,$0,$0,$-0,$-6,$0,$0,$0,$0,$0,$-0,$0,$0,$0,$0,$-0
19,2013-12-31,53.74,$22.06,2.44,$55.82,0.96,$-2.22,0.0,$2.26,23.78,$0.33B,$0.05B,6.89,$0.00B,$0.46B,0.0,$1.16B,$0.14B,11.66%,$1.16B,$0.07B,6.13%,$1.16B,$0.07B,6.13%,$1.16B,$0.09B,7.51%,$1.16B,$0.07B,6.13%,$1.16B,$0.05B,4.06%,$0.05B,$0.46B,10.74%,$0.05B,$0.46B,10.74%,$0.05B,$0.53B,9.29%,$0.07B,$0.46B,16.23%,$294,$261,$33,$0,$16,$277,$17,$0,$17,$6,$11,$11,$11,$21,$17,$21,21,$0.54,$0.54,$37,$71,$0,$330,$194,$0,$0,$2,$196,$526,$48,$0,$0,$21,$69,$0,$495,$0,$457,$526,$47,$15,$5,$20,$-18,$-7,$0,$3,$-19,$47,$-43,$0,$0,$0,$0,$0,$0,$-43,$0,$0,$0,$1,$1,$-2,$0,$-1,$3,$0,$-2
20,2013-09-30,39.07,$21.53,1.81,$53.55,0.73,$-2.87,0.0,$1.97,19.83,$0.33B,$0.06B,5.47,$0.00B,$0.45B,0.0,$1.12B,$0.12B,11.05%,$1.12B,$0.06B,5.44%,$1.12B,$0.06B,5.44%,$1.12B,$0.08B,6.86%,$1.12B,$0.06B,5.44%,$1.12B,$0.04B,3.65%,$0.04B,$0.45B,9.63%,$0.04B,$0.45B,9.63%,$0.04B,$0.53B,8.33%,$0.06B,$0.45B,14.33%,$310,$272,$38,$0,$17,$289,$21,$0,$21,$7,$14,$14,$14,$25,$21,$21,21,$0.67,$0.66,$16,$73,$0,$331,$193,$0,$0,$2,$195,$526,$60,$0,$0,$20,$80,$0,$484,$0,$445,$526,$36,$11,$6,$17,$-39,$-9,$0,$3,$-30,$22,$-39,$0,$0,$0,$0,$0,$0,$-39,$0,$0,$0,$0,$0,$-1,$0,$-1,$-18,$0,$-1
21,2013-06-30,33.76,$20.88,1.62,$51.62,0.65,$-3.33,0.0,$1.58,21.37,$0.31B,$0.05B,6.37,$0.00B,$0.43B,0.0,$1.08B,$0.11B,10.18%,$1.08B,$0.05B,4.44%,$1.08B,$0.05B,4.44%,$1.08B,$0.06B,5.92%,$1.08B,$0.05B,4.44%,$1.08B,$0.03B,3.05%,$0.03B,$0.43B,7.94%,$0.03B,$0.43B,7.94%,$0.03B,$0.50B,6.88%,$0.05B,$0.43B,11.55%,$289,$249,$40,$0,$16,$266,$24,$0,$24,$8,$16,$16,$16,$28,$24,$21,21,$0.75,$0.75,$1,$65,$0,$308,$190,$0,$0,$1,$190,$498,$48,$0,$0,$18,$66,$0,$471,$0,$432,$498,$22,$7,$5,$12,$-38,$-1,$0,$2,$-34,$-0,$-32,$0,$0,$0,$0,$0,$0,$-32,$0,$0,$0,$0,$0,$-1,$0,$-1,$-33,$0,$-1
22,2013-03-31,34.65,$20.15,1.72,$49.68,0.7,$-1.65,0.0,$0.94,36.86,$0.31B,$0.04B,7.73,$0.00B,$0.42B,0.0,$1.06B,$0.09B,8.42%,$1.06B,$0.03B,2.65%,$1.06B,$0.03B,2.65%,$1.06B,$0.04B,4.16%,$1.06B,$0.03B,2.65%,$1.06B,$0.02B,1.80%,$0.02B,$0.42B,4.66%,$0.02B,$0.42B,4.66%,$0.02B,$0.47B,4.03%,$0.03B,$0.42B,6.87%,$265,$241,$24,$0,$15,$256,$9,$0,$9,$3,$6,$6,$6,$13,$9,$21,21,$0.31,$0.31,$33,$54,$0,$308,$164,$0,$0,$1,$165,$473,$40,$0,$0,$16,$56,$0,$456,$0,$416,$473,$6,$3,$-0,$3,$-15,$9,$0,$4,$-8,$2,$-3,$0,$0,$0,$0,$0,$0,$-3,$0,$0,$0,$0,$0,$-0,$0,$-0,$-1,$0,$-0
23,2012-12-31,29.97,$19.85,1.51,$48.83,0.61,$-2.81,0.0,$0.92,32.58,$0.31B,$0.05B,6.77,$0.00B,$0.41B,0.0,$1.07B,$0.09B,8.30%,$1.07B,$0.03B,2.61%,$1.07B,$0.03B,2.61%,$1.07B,$0.04B,4.10%,$1.07B,$0.03B,2.61%,$1.07B,$0.02B,1.87%,$0.02B,$0.41B,4.76%,$0.02B,$0.41B,4.76%,$0.02B,$0.47B,4.13%,$0.03B,$0.41B,6.67%,$258,$236,$22,$0,$15,$251,$7,$-0,$7,$2,$5,$5,$5,$11,$7,$22,22,$0.24,$0.24,$34,$64,$0,$307,$165,$0,$0,$1,$166,$472,$45,$0,$0,$17,$62,$0,$450,$0,$410,$472,$20,$14,$-5,$9,$1,$-0,$0,$-4,$1,$30,$-40,$0,$0,$0,$0,$0,$0,$-40,$0,$0,$0,$-66,$-66,$-2,$0,$-68,$-78,$1,$-2
24,2012-09-30,28.91,$19.61,1.47,$47.56,0.61,$-1.94,0.0,$1.36,21.26,$0.31B,$0.05B,6.07,$0.00B,$0.41B,0.0,$1.06B,$0.11B,9.98%,$1.06B,$0.05B,4.33%,$1.06B,$0.05B,4.33%,$1.06B,$0.06B,5.74%,$1.06B,$0.05B,4.33%,$1.06B,$0.03B,2.92%,$0.03B,$0.41B,7.18%,$0.03B,$0.41B,7.18%,$0.03B,$0.48B,6.26%,$0.05B,$0.41B,10.65%,$269,$245,$24,$0,$16,$261,$8,$0,$8,$3,$6,$6,$6,$12,$8,$21,21,$0.27,$0.27,$18,$67,$0,$314,$161,$0,$0,$1,$162,$476,$52,$0,$0,$19,$71,$0,$445,$0,$405,$476,$15,$11,$-4,$7,$-8,$-4,$0,$-14,$-15,$7,$-33,$0,$0,$0,$0,$0,$0,$-33,$0,$0,$0,$-67,$-67,$-1,$0,$-68,$-94,$0,$-1
25,2012-06-30,26.44,$19.36,1.37,$48.21,0.55,$-4.43,0.0,$1.68,15.74,$0.31B,$0.05B,6.2,$0.00B,$0.40B,0.0,$1.11B,$0.12B,10.79%,$1.11B,$0.06B,5.31%,$1.11B,$0.06B,5.31%,$1.11B,$0.07B,6.65%,$1.11B,$0.06B,5.31%,$1.11B,$0.04B,3.51%,$0.04B,$0.40B,8.84%,$0.04B,$0.40B,8.84%,$0.04B,$0.47B,7.78%,$0.06B,$0.40B,13.38%,$265,$245,$19,$0,$15,$261,$4,$0,$4,$2,$2,$2,$2,$8,$4,$22,22,$0.11,$0.11,$48,$53,$0,$311,$156,$0,$0,$1,$156,$467,$50,$0,$0,$17,$67,$0,$440,$0,$400,$467,$9,$7,$-3,$5,$-6,$11,$0,$0,$13,$27,$-24,$0,$0,$0,$0,$0,$0,$-24,$0,$0,$0,$-67,$-67,$-1,$0,$-68,$-65,$0,$-1
26,2012-03-31,29.34,$19.82,1.48,$49.42,0.59,$-6.97,0.0,$1.97,14.89,$0.38B,$0.04B,9.02,$0.00B,$0.46B,0.0,$1.16B,$0.13B,11.42%,$1.16B,$0.07B,6.06%,$1.16B,$0.07B,6.06%,$1.16B,$0.08B,7.27%,$1.16B,$0.07B,6.06%,$1.16B,$0.05B,3.98%,$0.05B,$0.46B,10.27%,$0.05B,$0.46B,10.27%,$0.05B,$0.52B,9.07%,$0.07B,$0.46B,15.63%,$280,$256,$24,$0,$15,$271,$9,$0,$9,$3,$7,$7,$7,$13,$9,$23,23,$0.29,$0.29,$84,$57,$0,$378,$144,$0,$0,$0,$145,$523,$42,$0,$0,$16,$58,$0,$438,$0,$464,$523,$7,$4,$-6,$-2,$-28,$6,$0,$-2,$-23,$-19,$-9,$0,$0,$0,$0,$0,$0,$-9,$0,$0,$0,$0,$0,$-0,$0,$-0,$-28,$0,$-0
27,2011-12-31,25.54,$19.54,1.31,$50.45,0.51,$-6.96,0.0,$2.14,11.93,$0.38B,$0.04B,8.86,$0.00B,$0.46B,0.0,$1.18B,$0.14B,12.04%,$1.18B,$0.08B,6.53%,$1.18B,$0.08B,6.53%,$1.18B,$0.09B,7.63%,$1.18B,$0.08B,6.53%,$1.18B,$0.05B,4.24%,$0.05B,$0.46B,11.46%,$0.05B,$0.46B,11.46%,$0.05B,$0.52B,9.97%,$0.08B,$0.46B,17.65%,$248,$210,$39,$0,$14,$224,$25,$-0,$25,$8,$16,$16,$16,$28,$25,$23,23,$0.69,$0.69,$112,$63,$0,$377,$139,$0,$0,$0,$139,$516,$43,$0,$0,$16,$58,$0,$432,$0,$458,$516,$50,$14,$10,$23,$-9,$-21,$0,$-0,$-47,$26,$-17,$0,$0,$0,$0,$0,$0,$-17,$0,$0,$0,$2,$2,$-2,$0,$-0,$9,$0,$-2
28,2011-09-30,20.27,$18.86,1.07,$50.82,0.4,$-8.17,0.0,$1.64,12.36,$0.36B,$0.04B,8.48,$0.00B,$0.44B,0.0,$1.19B,$0.13B,10.53%,$1.19B,$0.06B,4.97%,$1.19B,$0.06B,4.97%,$1.19B,$0.07B,6.07%,$1.19B,$0.06B,4.97%,$1.19B,$0.04B,3.29%,$0.04B,$0.44B,9.21%,$0.04B,$0.44B,9.21%,$0.04B,$0.50B,7.93%,$0.06B,$0.44B,13.93%,$319,$282,$38,$0,$16,$298,$21,$-0,$21,$8,$14,$14,$14,$25,$21,$23,23,$0.59,$0.59,$15,$77,$0,$363,$136,$0,$0,$0,$136,$498,$43,$0,$0,$14,$57,$0,$416,$0,$442,$498,$34,$10,$6,$17,$-69,$-35,$0,$-5,$-128,$-78,$-10,$0,$0,$0,$0,$0,$0,$-10,$0,$0,$0,$1,$1,$-1,$0,$0,$-88,$0,$-1
29,2011-06-30,23.86,$18.35,1.3,$47.57,0.5,$-5.79,0.0,$1.27,18.79,$0.36B,$0.05B,6.86,$0.00B,$0.43B,0.0,$1.11B,$0.11B,9.90%,$1.11B,$0.05B,4.05%,$1.11B,$0.05B,4.05%,$1.11B,$0.06B,5.22%,$1.11B,$0.05B,4.05%,$1.11B,$0.03B,2.70%,$0.03B,$0.43B,7.25%,$0.03B,$0.43B,7.25%,$0.03B,$0.49B,6.20%,$0.05B,$0.43B,10.88%,$309,$279,$31,$0,$16,$295,$15,$0,$15,$5,$9,$9,$9,$18,$15,$23,23,$0.41,$0.40,$47,$55,$0,$357,$134,$0,$0,$0,$134,$491,$52,$0,$0,$12,$64,$0,$403,$0,$427,$491,$20,$7,$-0,$7,$-56,$-13,$0,$-1,$-77,$-51,$-6,$0,$0,$0,$0,$0,$0,$-6,$0,$0,$0,$1,$1,$-1,$0,$-0,$-56,$0,$-1
30,2011-03-31,23.96,$17.99,1.33,$44.47,0.54,$-4.79,0.0,$1.22,19.64,$0.37B,$0.07B,5.07,$0.00B,$0.42B,0.0,$1.04B,$0.11B,10.21%,$1.04B,$0.04B,4.14%,$1.04B,$0.04B,4.14%,$1.04B,$0.06B,5.39%,$1.04B,$0.04B,4.14%,$1.04B,$0.03B,2.79%,$0.03B,$0.42B,7.13%,$0.03B,$0.42B,7.13%,$0.03B,$0.50B,6.14%,$0.04B,$0.42B,10.58%,$303,$270,$34,$0,$18,$288,$16,$0,$16,$5,$11,$11,$11,$19,$16,$23,23,$0.46,$0.46,$75,$48,$0,$368,$134,$0,$0,$1,$134,$502,$72,$0,$0,$12,$84,$0,$394,$0,$418,$502,$11,$3,$-2,$1,$-44,$-6,$0,$-1,$-37,$-25,$-2,$0,$0,$0,$0,$0,$0,$-2,$0,$0,$0,$0,$0,$-0,$0,$-0,$-28,$0,$-0
31,2010-12-31,24.65,$17.55,1.4,$39.06,0.63,$-3.43,0.0,$0.65,37.92,$0.34B,$0.06B,5.88,$0.00B,$0.41B,0.0,$0.91B,$0.08B,9.12%,$0.91B,$0.03B,2.86%,$0.91B,$0.03B,2.86%,$0.91B,$0.04B,4.29%,$0.91B,$0.02B,2.53%,$0.91B,$0.02B,1.76%,$0.02B,$0.41B,4.01%,$0.02B,$0.41B,4.01%,$0.02B,$0.48B,3.49%,$0.03B,$0.41B,6.51%,$256,$234,$22,$0,$16,$250,$7,$-0,$7,$2,$5,$5,$5,$10,$7,$23,23,$0.20,$0.20,$103,$42,$0,$342,$135,$0,$0,$0,$135,$477,$58,$0,$0,$12,$70,$0,$383,$0,$407,$477,$15,$14,$-2,$12,$-57,$0,$0,$0,$-25,$2,$-22,$0,$0,$0,$0,$0,$0,$-22,$-103,$0,$-103,$0,$0,$-2,$0,$-104,$-124,$0,$-2
32,2010-09-30,20.15,$17.37,1.16,$35.69,0.56,$-2.19,0.0,$0.38,53.04,$0.33B,$0.05B,6.68,$0.00B,$0.40B,0.0,$0.83B,$0.07B,8.42%,$0.83B,$0.02B,2.05%,$0.83B,$0.02B,2.05%,$0.83B,$0.03B,3.61%,$0.83B,$0.01B,1.56%,$0.83B,$0.01B,1.08%,$0.01B,$0.40B,2.27%,$0.01B,$0.40B,2.27%,$0.01B,$0.46B,1.90%,$0.02B,$0.40B,4.29%,$243,$220,$23,$0,$16,$235,$7,$-0,$7,$2,$5,$5,$5,$11,$7,$23,23,$0.22,$0.22,$90,$42,$0,$332,$132,$0,$0,$0,$132,$464,$50,$0,$0,$11,$61,$0,$379,$0,$403,$464,$11,$10,$0,$11,$-63,$1,$0,$0,$-38,$-17,$-15,$0,$0,$0,$0,$0,$0,$-15,$-103,$0,$-103,$0,$0,$-1,$0,$-104,$-136,$0,$-1
33,2010-06-30,17.86,$17.18,1.04,$32.52,0.55,$-0.92,0.0,$0.17,105.04,$0.32B,$0.04B,8.34,$0.00B,$0.40B,0.0,$0.76B,$0.06B,7.66%,$0.76B,$0.01B,1.32%,$0.76B,$0.01B,1.32%,$0.76B,$0.02B,3.04%,$0.76B,$0.01B,0.79%,$0.76B,$0.00B,0.53%,$0.00B,$0.40B,1.02%,$0.00B,$0.40B,1.02%,$0.00B,$0.45B,0.81%,$0.01B,$0.40B,2.39%,$236,$209,$27,$0,$14,$223,$13,$-0,$13,$5,$8,$8,$8,$16,$13,$23,23,$0.35,$0.35,$91,$40,$0,$315,$131,$0,$0,$0,$131,$447,$38,$0,$0,$11,$48,$0,$375,$0,$398,$447,$6,$7,$3,$10,$-49,$3,$0,$1,$-37,$-21,$-11,$0,$0,$0,$0,$0,$0,$-11,$-103,$0,$-103,$0,$0,$-1,$-0,$-104,$-136,$0,$-1
34,2010-03-31,20.4,$16.85,1.21,$29.24,0.7,$1.14,17.92,$-0.15,0.0,$0.32B,$0.04B,7.28,$0.00B,$0.39B,0.0,$0.68B,$0.04B,6.32%,$0.68B,$-0.00B,-0.29%,$0.68B,$-0.00B,-0.29%,$0.68B,$0.01B,1.76%,$0.68B,$-0.01B,-0.88%,$0.68B,$-0.00B,-0.44%,$-0.00B,$0.39B,-0.76%,$-0.00B,$0.39B,-0.76%,$-0.00B,$0.45B,-0.58%,$-0.00B,$0.39B,-0.45%,$175,$165,$11,$0,$12,$177,$-1,$-3,$-4,$-2,$-2,$-2,$-2,$2,$-1,$23,23,$-0.11,$-0.11,$130,$33,$0,$318,$127,$0,$0,$0,$127,$445,$44,$0,$0,$11,$54,$0,$367,$0,$390,$445,$-2,$3,$-4,$-0,$-9,$10,$0,$-7,$10,$7,$-3,$0,$0,$0,$0,$0,$0,$-3,$-100,$0,$-100,$0,$0,$-0,$-0,$-100,$-96,$0,$-0
35,2009-12-31,20.62,$16.97,1.22,$27.88,0.74,$1.54,13.37,$0.16,128.89,$0.41B,$0.13B,3.12,$0.00B,$0.39B,0.0,$0.65B,$0.05B,7.70%,$0.65B,$0.01B,0.92%,$0.65B,$0.01B,0.92%,$0.65B,$0.02B,3.24%,$0.65B,$0.01B,0.77%,$0.65B,$0.00B,0.62%,$0.00B,$0.39B,1.02%,$0.00B,$0.39B,1.02%,$0.00B,$0.54B,0.74%,$0.01B,$0.39B,1.28%,$177,$168,$9,$0,$12,$180,$-2,$-0,$-3,$-1,$-2,$-2,$-2,$1,$-2,$23,23,$-0.08,$-0.08,$227,$43,$0,$407,$127,$0,$0,$0,$127,$535,$131,$0,$0,$11,$142,$0,$370,$0,$393,$535,$4,$14,$-6,$7,$-7,$23,$0,$-2,$18,$29,$-19,$0,$0,$0,$0,$0,$0,$-19,$0,$0,$0,$1,$1,$-2,$0,$-1,$9,$0,$-2
36,2009-09-30,21.87,$17.14,1.28,$27.99,0.78,$7.30,3.0,$0.96,22.78,$0.42B,$0.04B,10.93,$0.10B,$0.39B,0.26,$0.65B,$0.08B,12.42%,$0.65B,$0.03B,5.21%,$0.65B,$0.03B,5.21%,$0.65B,$0.05B,7.52%,$0.65B,$0.03B,5.06%,$0.65B,$0.02B,3.53%,$0.02B,$0.39B,5.85%,$0.02B,$0.39B,5.85%,$0.02B,$0.54B,4.27%,$0.03B,$0.50B,6.89%,$169,$157,$11,$0,$11,$168,$0,$-0,$0,$-0,$0,$0,$0,$4,$0,$23,23,$0.01,$0.01,$214,$59,$0,$415,$127,$0,$0,$0,$127,$542,$38,$100,$0,$110,$148,$0,$372,$0,$394,$542,$6,$10,$-7,$4,$3,$6,$0,$-18,$4,$13,$-16,$0,$0,$0,$0,$0,$0,$-16,$0,$0,$0,$0,$0,$-1,$0,$-1,$-4,$0,$-1
37,2009-06-30,20.86,$17.14,1.22,$33.40,0.62,$8.83,2.36,$1.29,16.17,$0.41B,$0.03B,12.22,$0.10B,$0.39B,0.26,$0.78B,$0.10B,12.58%,$0.78B,$0.05B,6.03%,$0.78B,$0.05B,6.03%,$0.78B,$0.06B,7.83%,$0.78B,$0.05B,5.78%,$0.78B,$0.03B,3.98%,$0.03B,$0.39B,7.98%,$0.03B,$0.39B,7.98%,$0.03B,$0.54B,5.79%,$0.05B,$0.50B,9.61%,$159,$147,$12,$0,$11,$158,$1,$-0,$1,$0,$1,$1,$1,$5,$1,$23,23,$0.03,$0.03,$232,$61,$0,$412,$127,$0,$0,$0,$127,$539,$34,$101,$0,$111,$145,$0,$372,$0,$394,$539,$5,$7,$0,$7,$14,$4,$0,$-1,$19,$31,$-16,$0,$0,$0,$0,$0,$0,$-16,$0,$0,$0,$0,$0,$-1,$0,$-1,$15,$0,$-1
38,2009-03-31,20.92,$17.13,1.22,$40.35,0.52,$9.38,2.23,$1.32,15.85,$0.41B,$0.04B,11.6,$0.10B,$0.39B,0.26,$0.94B,$0.11B,11.24%,$0.94B,$0.05B,5.20%,$0.94B,$0.05B,5.20%,$0.94B,$0.06B,6.57%,$0.94B,$0.05B,4.88%,$0.94B,$0.03B,3.29%,$0.03B,$0.39B,8.13%,$0.03B,$0.39B,8.13%,$0.03B,$0.54B,5.79%,$0.05B,$0.50B,10.16%,$144,$127,$18,$0,$11,$137,$7,$-0,$7,$2,$5,$5,$5,$11,$7,$23,23,$0.20,$0.20,$231,$67,$0,$413,$126,$0,$0,$0,$127,$540,$36,$101,$0,$110,$146,$0,$372,$0,$394,$540,$5,$3,$2,$5,$16,$-2,$0,$0,$16,$26,$-12,$0,$0,$0,$0,$0,$0,$-12,$0,$0,$0,$0,$0,$-0,$0,$-0,$13,$0,$-0
39,2008-12-31,18.51,$16.94,1.09,$46.15,0.4,$9.88,1.87,$1.70,10.89,$0.41B,$0.03B,12.21,$0.10B,$0.39B,0.26,$1.08B,$0.12B,11.38%,$1.08B,$0.06B,5.83%,$1.08B,$0.06B,5.83%,$1.08B,$0.08B,7.03%,$1.08B,$0.06B,5.46%,$1.08B,$0.04B,3.70%,$0.04B,$0.39B,10.68%,$0.04B,$0.39B,10.68%,$0.04B,$0.53B,7.50%,$0.06B,$0.49B,13.26%,$180,$140,$40,$0,$14,$154,$26,$-0,$25,$9,$17,$17,$17,$29,$26,$23,23,$0.72,$0.72,$218,$66,$0,$412,$121,$0,$0,$0,$122,$533,$34,$101,$0,$110,$144,$0,$368,$0,$390,$533,$40,$14,$8,$22,$88,$16,$0,$8,$100,$162,$-18,$0,$0,$0,$0,$0,$-0,$-18,$0,$0,$0,$-4,$-4,$-2,$-0,$-6,$139,$0,$-2
40,2008-09-30,17.64,$16.22,1.09,$50.35,0.35,$6.09,2.89,$0.93,18.96,$0.41B,$0.05B,8.8,$0.10B,$0.38B,0.27,$1.18B,$0.10B,8.20%,$1.18B,$0.04B,3.04%,$1.18B,$0.04B,3.04%,$1.18B,$0.05B,4.14%,$1.18B,$0.03B,2.70%,$1.18B,$0.02B,1.86%,$0.02B,$0.38B,6.02%,$0.02B,$0.38B,6.02%,$0.02B,$0.53B,4.16%,$0.04B,$0.48B,7.71%,$296,$268,$28,$0,$16,$284,$13,$-0,$12,$4,$8,$8,$8,$16,$13,$23,23,$0.35,$0.34,$109,$65,$0,$411,$120,$0,$0,$0,$120,$531,$47,$101,$0,$109,$156,$0,$352,$0,$375,$531,$23,$11,$0,$11,$-17,$17,$0,$7,$12,$46,$-13,$0,$0,$0,$0,$0,$0,$-13,$0,$0,$0,$-2,$-2,$-1,$-0,$-3,$30,$0,$-1
41,2008-06-30,20.62,$15.88,1.3,$50.71,0.41,$6.17,3.34,$0.83,24.84,$0.42B,$0.06B,6.98,$0.10B,$0.37B,0.27,$1.20B,$0.10B,7.95%,$1.20B,$0.03B,2.76%,$1.20B,$0.03B,2.76%,$1.20B,$0.05B,3.93%,$1.20B,$0.03B,2.43%,$1.20B,$0.02B,1.67%,$0.02B,$0.37B,5.53%,$0.02B,$0.37B,5.53%,$0.02B,$0.54B,3.80%,$0.03B,$0.47B,7.14%,$323,$303,$20,$0,$17,$320,$3,$-1,$2,$1,$1,$1,$1,$6,$3,$23,23,$0.06,$0.06,$105,$68,$0,$417,$120,$0,$0,$0,$120,$536,$60,$101,$0,$109,$169,$0,$344,$0,$367,$536,$15,$7,$-2,$6,$-23,$14,$0,$7,$17,$38,$-9,$0,$0,$0,$0,$0,$0,$-9,$0,$0,$0,$-2,$-2,$-1,$0,$-3,$26,$0,$-1
42,2008-03-31,17.7,$15.84,1.12,$51.00,0.35,$5.99,2.95,$1.60,11.06,$0.42B,$0.06B,7.26,$0.10B,$0.37B,0.28,$1.21B,$0.12B,10.20%,$1.21B,$0.06B,5.06%,$1.21B,$0.06B,5.06%,$1.21B,$0.08B,6.22%,$1.21B,$0.06B,4.73%,$1.21B,$0.04B,3.23%,$0.04B,$0.37B,10.89%,$0.04B,$0.37B,10.89%,$0.04B,$0.53B,7.47%,$0.06B,$0.47B,13.32%,$282,$246,$35,$0,$14,$261,$21,$-1,$20,$7,$14,$14,$14,$25,$21,$23,23,$0.59,$0.58,$102,$76,$0,$415,$118,$0,$0,$0,$118,$533,$57,$101,$0,$110,$167,$0,$343,$0,$366,$533,$14,$4,$-3,$1,$-19,$6,$0,$7,$15,$29,$-4,$0,$0,$0,$0,$0,$0,$-4,$0,$0,$0,$-2,$-2,$-0,$0,$-2,$23,$0,$-0
43,2007-12-31,15.45,$15.27,1.01,$49.99,0.31,$5.93,2.6,$1.29,11.98,$0.40B,$0.05B,8.07,$0.10B,$0.36B,0.28,$1.19B,$0.11B,9.54%,$1.19B,$0.05B,4.30%,$1.19B,$0.05B,4.30%,$1.19B,$0.07B,5.49%,$1.19B,$0.05B,3.97%,$1.19B,$0.03B,2.62%,$0.03B,$0.36B,8.85%,$0.03B,$0.36B,8.85%,$0.03B,$0.51B,6.07%,$0.05B,$0.46B,11.35%,$282,$268,$14,$0,$15,$283,$-1,$-1,$-2,$-1,$-1,$-1,$-1,$2,$-1,$23,24,$-0.05,$-0.04,$79,$82,$0,$396,$118,$0,$0,$0,$118,$514,$49,$101,$0,$110,$159,$0,$330,$0,$355,$514,$31,$14,$5,$19,$-2,$22,$0,$-2,$35,$85,$-28,$0,$0,$0,$0,$0,$0,$-28,$0,$0,$0,$-1,$-1,$-2,$1,$-2,$54,$0,$-2
44,2007-09-30,24.37,$15.34,1.59,$49.17,0.5,$3.22,7.58,$1.60,15.23,$0.41B,$0.05B,7.48,$0.10B,$0.36B,0.28,$1.17B,$0.12B,10.56%,$1.17B,$0.06B,5.41%,$1.17B,$0.06B,5.41%,$1.17B,$0.08B,6.61%,$1.17B,$0.06B,4.98%,$1.17B,$0.04B,3.26%,$0.04B,$0.36B,11.07%,$0.04B,$0.36B,11.07%,$0.04B,$0.52B,7.59%,$0.06B,$0.46B,14.25%,$308,$283,$26,$0,$15,$298,$10,$-1,$9,$4,$6,$6,$6,$14,$10,$23,24,$0.25,$0.24,$59,$89,$0,$407,$114,$0,$0,$0,$115,$522,$54,$100,$0,$109,$164,$0,$332,$0,$359,$522,$32,$10,$7,$18,$-32,$15,$0,$5,$7,$57,$-21,$0,$0,$0,$0,$0,$0,$-21,$0,$0,$0,$1,$1,$-1,$0,$-1,$35,$0,$-1
45,2007-06-30,28.54,$15.12,1.89,$51.91,0.55,$-1.78,0.0,$2.87,9.94,$0.41B,$0.06B,7.19,$0.10B,$0.35B,0.28,$1.23B,$0.17B,13.90%,$1.23B,$0.11B,9.02%,$1.23B,$0.11B,9.02%,$1.23B,$0.12B,10.08%,$1.23B,$0.10B,8.46%,$1.23B,$0.07B,5.53%,$0.07B,$0.35B,20.37%,$0.07B,$0.35B,20.37%,$0.07B,$0.52B,13.25%,$0.11B,$0.45B,24.46%,$334,$286,$48,$0,$17,$303,$31,$-1,$30,$10,$20,$20,$20,$34,$31,$23,24,$0.84,$0.83,$49,$118,$0,$411,$108,$0,$0,$0,$108,$520,$57,$98,$2,$109,$166,$0,$327,$0,$353,$520,$26,$7,$-0,$7,$-21,$-14,$0,$-1,$3,$36,$-12,$0,$0,$0,$0,$0,$0,$-12,$0,$0,$0,$1,$1,$-1,$0,$-0,$24,$0,$-1
46,2007-03-31,24.52,$14.29,1.72,$53.10,0.46,$-6.38,0.0,$4.45,5.51,$0.38B,$0.04B,8.82,$0.10B,$0.33B,0.3,$1.26B,$0.23B,18.28%,$1.26B,$0.17B,13.51%,$1.26B,$0.17B,13.51%,$1.26B,$0.18B,14.55%,$1.26B,$0.16B,12.88%,$1.26B,$0.11B,8.35%,$0.11B,$0.33B,33.15%,$0.11B,$0.33B,33.15%,$0.11B,$0.49B,20.37%,$0.17B,$0.43B,37.74%,$261,$236,$25,$0,$14,$250,$11,$-1,$10,$4,$6,$6,$6,$15,$11,$23,24,$0.28,$0.27,$49,$117,$0,$382,$104,$0,$0,$0,$104,$486,$43,$99,$1,$109,$153,$0,$307,$0,$334,$486,$6,$3,$2,$6,$11,$-13,$0,$-6,$17,$29,$-5,$0,$0,$0,$0,$0,$0,$-5,$0,$0,$0,$1,$1,$-0,$0,$0,$24,$0,$-0
47,2006-12-31,21.3,$14.05,1.52,$52.73,0.4,$-8.30,0.0,$4.86,4.38,$0.37B,$0.04B,9.98,$0.10B,$0.33B,0.3,$1.25B,$0.24B,19.54%,$1.25B,$0.19B,14.81%,$1.25B,$0.19B,14.81%,$1.25B,$0.20B,15.77%,$1.25B,$0.18B,14.17%,$1.25B,$0.12B,9.21%,$0.12B,$0.33B,39.62%,$0.12B,$0.33B,39.62%,$0.12B,$0.47B,23.63%,$0.19B,$0.43B,43.89%,$262,$239,$24,$0,$13,$252,$11,$-2,$9,$2,$6,$6,$6,$14,$11,$23,24,$0.26,$0.26,$25,$104,$0,$371,$103,$0,$0,$0,$103,$474,$37,$99,$1,$110,$147,$0,$301,$0,$327,$474,$115,$12,$-2,$10,$-50,$-36,$0,$12,$-111,$14,$-22,$0,$0,$0,$0,$0,$-0,$-22,$29,$0,$29,$1,$1,$0,$0,$30,$22,$0,$0
