,Date,Stock Price,Book Value per Share,Price to Book Ratio,TTM Sales per Share,Price to Sales Ratio,TTM FCF per Share,Price to FCF Ratio,TTM Net EPS,PE Ratio,Current Assets,Current Liabilities,Current Ratio,Long Term Debt,Shareholder's Equity_x,Debt to Equity Ratio,TTM Revenue_x,TTM Gross Profit,Gross Margin,TTM Revenue_y,TTM Operating Income,Operating Margin,TTM Revenue_x,TTM EBIT,EBIT Margin,TTM Revenue_y,TTM EBITDA,EBITDA Margin,TTM Revenue_x,TTM Pre-Tax Income,Pre-Tax Margin,TTM Revenue_y,TTM Net Income_x,Net Margin,TTM Net Income_y,Shareholder's Equity_y,Return on Equity,TTM Net Income_x,Tangible Equity,Return on Tangible Equity,TTM Net Income_y,Total Assets,Return on Assets,TTM Net Income,LT Investments & Debt,Return on Investment,revenue,cost-goods-sold,gross-profit,research-development-expenses,selling-general-administrative-expenses,operating-expenses,operating-income,total-non-operating-income-expense,pre-tax-income,total-provision-income-taxes,income-after-taxes,income-from-continuous-operations,net-income,ebitda,ebit,basic-shares-outstanding,shares-outstanding,eps-basic-net-earnings-per-share,eps-earnings-per-share-diluted,cash-on-hand,inventory,other-current-assets,total-current-assets,net-property-plant-equipment,long-term-investments,goodwill-intangible-assets-total,other-long-term-assets,total-long-term-assets,total-assets,total-current-liabilities,long-term-debt,other-non-current-liabilities,total-long-term-liabilities,total-liabilities,common-stock-net,retained-earnings-accumulated-deficit,comprehensive-income,total-share-holder-equity,total-liabilities-share-holders-equity,net-income-loss,total-depreciation-amortization-cash-flow,other-non-cash-items,total-non-cash-items,change-in-accounts-receivable,change-in-inventories,change-in-accounts-payable,change-in-assets-liabilities,total-change-in-assets-liabilities,cash-flow-from-operating-activities,net-change-in-property-plant-equipment,net-change-in-intangible-assets,net-acquisitions-divestitures,net-change-in-short-term-investments,net-change-in-long-term-investments,net-change-in-investments-total,investing-activities-other,cash-flow-from-investing-activities,net-long-term-debt,net-current-debt,debt-issuance-retirement-net-total,net-common-equity-issued-repurchased,net-total-equity-issued-repurchased,total-common-preferred-stock-dividends-paid,financial-activities-other,cash-flow-from-financial-activities,net-cash-flow,stock-based-compensation,common-stock-dividends-paid
0,2018-09-30,119.7,$0.00,0.0,$11.82,10.13,$4.41,27.13,$-0.68,0.0,$0.75B,$0.33B,2.24,$0.33B,$0.13B,2.49,$0.56B,$0.45B,80.32%,$0.56B,$-0.04B,-6.44%,$0.56B,$-0.04B,-6.44%,$0.56B,$-0.03B,-4.83%,$0.56B,$-0.04B,-6.98%,$0.56B,$-0.04B,-6.98%,$-0.04B,$0.13B,-54.93%,$-0.04B,$0.09B,-144.44%,$-0.04B,$0.82B,-6.96%,$-0.04B,$0.47B,-15.88%,$156,$33,$123,$49,$77,$159,$-3,$-2,$-6,$-0,$-6,$-6,$-6,$-1,$-3,$48,48,$-0.12,$-0.12,$717,$0,$0,$749,$21,$0,$43,$2,$65,$815,$334,$334,$0,$347,$680,$0,$451,$-1,$134,$815,$-31,$8,$55,$63,$-3,$0,$6,$45,$48,$80,$-10,$-1,$0,$-247,$0,$-247,$-0,$-258,$385,$0,$385,$28,$28,$0,$0,$413,$235,$52,$0
1,2018-06-30,100.3,$0.00,0.0,$11.03,9.09,$4.10,24.47,$-1.00,0.0,$0.67B,$0.34B,2.0,$0.29B,$0.10B,2.76,$0.51B,$0.42B,81.32%,$0.51B,$-0.04B,-8.56%,$0.51B,$-0.04B,-8.56%,$0.51B,$-0.04B,-6.81%,$0.51B,$-0.05B,-8.95%,$0.51B,$-0.05B,-9.34%,$-0.05B,$0.10B,-124.68%,$-0.05B,$0.06B,711.11%,$-0.05B,$0.74B,-11.09%,$-0.04B,$0.39B,-39.55%,$146,$30,$116,$48,$74,$153,$-7,$2,$-5,$1,$-6,$-6,$-6,$-4,$-7,$48,48,$-0.12,$-0.12,$637,$0,$0,$671,$20,$0,$44,$1,$65,$736,$335,$286,$0,$297,$632,$0,$-310,$-2,$104,$736,$-25,$5,$32,$38,$3,$0,$3,$34,$40,$52,$-7,$-1,$0,$-133,$0,$-133,$-0,$-140,$336,$0,$336,$22,$22,$0,$0,$357,$269,$33,$0
2,2018-03-31,79.55,$0.00,0.0,$10.25,7.76,$3.85,20.65,$-1.19,0.0,$0.30B,$0.31B,0.94,$0.00B,$0.04B,0.04,$0.47B,$0.39B,81.99%,$0.47B,$-0.05B,-10.17%,$0.47B,$-0.05B,-10.17%,$0.47B,$-0.04B,-8.26%,$0.47B,$-0.05B,-11.44%,$0.47B,$-0.06B,-11.86%,$-0.06B,$0.04B,-439.22%,$-0.06B,$-0.01B,164.71%,$-0.06B,$0.36B,-17.51%,$-0.05B,$0.04B,-336.84%,$138,$29,$109,$47,$81,$156,$-18,$-0,$-19,$1,$-20,$-20,$-20,$-16,$-18,$47,47,$-0.42,$-0.42,$266,$0,$0,$295,$18,$0,$44,$1,$64,$359,$313,$1,$0,$11,$324,$0,$-305,$-1,$35,$359,$-20,$2,$15,$18,$0,$0,$-0,$27,$27,$25,$-3,$0,$0,$-13,$0,$-13,$-0,$-17,$0,$0,$0,$10,$10,$0,$0,$10,$18,$16,$0
3,2017-12-31,57.55,$0.00,0.0,$9.38,6.14,$3.72,15.46,$-1.24,0.0,$0.27B,$0.30B,0.88,$0.00B,$0.01B,0.11,$0.43B,$0.36B,83.37%,$0.43B,$-0.05B,-11.71%,$0.43B,$-0.05B,-11.71%,$0.43B,$-0.04B,-9.84%,$0.43B,$-0.06B,-12.88%,$0.43B,$-0.06B,-13.35%,$-0.06B,$0.01B,-1628.57%,$-0.06B,$-0.03B,129.55%,$-0.06B,$0.33B,-19.37%,$-0.05B,$0.01B,-1052.63%,$119,$18,$101,$44,$64,$126,$-8,$-1,$-9,$-2,$-7,$-7,$-7,$-6,$-8,$46,46,$-0.14,$-0.14,$234,$0,$0,$265,$16,$0,$45,$4,$65,$330,$302,$1,$0,$16,$319,$0,$311,$-0,$11,$330,$-56,$8,$44,$53,$-2,$0,$12,$77,$87,$83,$-12,$-0,$-33,$-69,$0,$-69,$-1,$-115,$-0,$0,$-0,$24,$24,$0,$0,$24,$-8,$48,$0
4,2017-09-30,71.85,$0.00,0.0,$8.78,8.19,$3.02,23.83,$-1.24,0.0,$0.24B,$0.28B,0.86,$0.00B,$0.00B,0.28,$0.39B,$0.33B,83.16%,$0.39B,$-0.05B,-11.99%,$0.39B,$-0.05B,-11.99%,$0.39B,$-0.04B,-10.20%,$0.39B,$-0.05B,-13.01%,$0.39B,$-0.06B,-14.29%,$-0.06B,$0.00B,-22400.00%,$-0.06B,$-0.04B,149.33%,$-0.06B,$0.31B,-21.09%,$-0.05B,$0.01B,-4700.00%,$111,$19,$92,$40,$63,$122,$-11,$-2,$-13,$1,$-15,$-15,$-15,$-9,$-11,$46,46,$-0.32,$-0.32,$210,$0,$0,$243,$13,$0,$48,$3,$64,$307,$283,$1,$0,$20,$303,$0,$-293,$2,$4,$307,$-50,$7,$33,$40,$-2,$0,$19,$51,$68,$58,$-7,$0,$-33,$-6,$0,$-6,$0,$-46,$-0,$0,$-0,$19,$19,$0,$0,$19,$31,$34,$0
5,2017-06-30,69.6,$0.00,0.0,$8.13,8.57,$2.31,30.14,$-1.15,0.0,$0.22B,$0.26B,0.83,$0.00B,$0.00B,1.58,$0.36B,$0.30B,83.75%,$0.36B,$-0.05B,-12.61%,$0.36B,$-0.05B,-12.61%,$0.36B,$-0.04B,-10.92%,$0.36B,$-0.05B,-13.17%,$0.36B,$-0.05B,-14.29%,$-0.05B,$0.00B,1854.55%,$-0.05B,$-0.05B,170.00%,$-0.05B,$0.28B,-21.56%,$-0.05B,$0.00B,1800.00%,$104,$18,$85,$37,$59,$114,$-11,$-2,$-13,$2,$-14,$-14,$-14,$-8,$-11,$45,45,$-0.31,$-0.31,$186,$0,$0,$219,$11,$0,$50,$3,$63,$283,$264,$1,$0,$18,$282,$0,$-278,$4,$1,$283,$-35,$4,$20,$25,$1,$0,$7,$39,$47,$36,$-4,$0,$-33,$17,$0,$17,$0,$-20,$-0,$0,$-0,$15,$15,$0,$0,$15,$31,$21,$0
6,2017-03-31,67.9,$0.00,0.0,$7.51,9.04,$1.80,37.81,$-1.12,0.0,$0.20B,$0.25B,0.81,$0.00B,$-0.00B,0.0,$0.32B,$0.27B,84.47%,$0.32B,$-0.04B,-13.66%,$0.32B,$-0.04B,-13.66%,$0.32B,$-0.04B,-12.42%,$0.32B,$-0.05B,-13.98%,$0.32B,$-0.05B,-14.91%,$-0.05B,$-0.00B,685.71%,$-0.05B,$-0.05B,208.70%,$-0.05B,$0.26B,-23.08%,$-0.04B,$-0.00B,628.57%,$93,$15,$78,$33,$65,$113,$-20,$0,$-20,$1,$-21,$-21,$-21,$-19,$-20,$45,45,$-0.47,$-0.47,$165,$0,$0,$199,$9,$0,$47,$3,$59,$257,$246,$0,$1,$14,$260,$0,$-264,$3,$-2,$257,$-21,$2,$9,$10,$-0,$0,$5,$23,$27,$16,$-2,$0,$-30,$6,$0,$6,$0,$-26,$-0,$0,$-0,$7,$7,$0,$0,$7,$-2,$9,$0
7,2016-12-31,44.55,$-0.06,-799.82,$6.97,6.39,$1.41,31.54,$-1.14,0.0,$0.20B,$0.21B,0.96,$0.00B,$-0.00B,0.0,$0.29B,$0.25B,84.19%,$0.29B,$-0.04B,-15.12%,$0.29B,$-0.04B,-15.12%,$0.29B,$-0.04B,-13.40%,$0.29B,$-0.04B,-15.12%,$0.29B,$-0.05B,-16.15%,$-0.05B,$-0.00B,482.05%,$-0.05B,$-0.01B,303.23%,$-0.05B,$0.22B,-25.86%,$-0.04B,$-0.00B,451.28%,$84,$13,$71,$29,$47,$89,$-5,$-0,$-5,$1,$-6,$-6,$-6,$-4,$-5,$42,42,$-0.12,$-0.12,$172,$0,$0,$198,$9,$0,$5,$3,$17,$215,$207,$0,$0,$10,$217,$0,$-243,$-0,$-2,$215,$-47,$5,$28,$33,$-2,$0,$8,$48,$54,$41,$-4,$-0,$0,$-4,$0,$-4,$0,$-8,$0,$0,$0,$22,$22,$0,$0,$22,$54,$28,$0
8,2016-09-30,43.43,$0.00,0.0,$6.38,6.8,$0.91,47.49,$-1.28,0.0,$0.18B,$0.19B,0.92,$0.00B,$-0.01B,0.0,$0.26B,$0.22B,83.71%,$0.26B,$-0.05B,-18.56%,$0.26B,$-0.05B,-18.56%,$0.26B,$-0.04B,-16.67%,$0.26B,$-0.05B,-18.94%,$0.26B,$-0.05B,-19.70%,$-0.05B,$-0.01B,507.32%,$-0.05B,$-0.01B,325.00%,$-0.05B,$0.19B,-31.47%,$-0.05B,$-0.01B,478.05%,$76,$11,$65,$27,$47,$85,$-9,$0,$-9,$1,$-10,$-10,$-10,$-8,$-9,$43,43,$-0.23,$-0.23,$147,$0,$0,$175,$8,$0,$6,$3,$16,$191,$190,$0,$0,$9,$199,$0,$-237,$1,$-8,$191,$-41,$4,$20,$24,$-1,$0,$5,$34,$37,$21,$-3,$0,$0,$-14,$0,$-14,$0,$-17,$0,$0,$0,$15,$15,$0,$0,$15,$19,$20,$0
9,2016-06-30,30.35,$0.00,0.0,$5.96,5.09,$0.66,46.02,$-1.35,0.0,$0.15B,$0.18B,0.85,$0.00B,$-0.02B,0.0,$0.24B,$0.20B,82.64%,$0.24B,$-0.05B,-20.66%,$0.24B,$-0.05B,-20.66%,$0.24B,$-0.05B,-18.60%,$0.24B,$-0.05B,-21.49%,$0.24B,$-0.05B,-22.31%,$-0.05B,$-0.02B,654.55%,$-0.05B,$-0.02B,385.71%,$-0.05B,$0.17B,-35.41%,$-0.05B,$-0.02B,606.06%,$69,$11,$58,$25,$43,$79,$-10,$-0,$-11,$1,$-11,$-11,$-11,$-9,$-10,$41,41,$-0.28,$-0.28,$130,$0,$0,$152,$9,$0,$6,$2,$17,$169,$178,$0,$0,$6,$185,$0,$-228,$-0,$-16,$169,$-31,$3,$13,$16,$-1,$0,$4,$22,$26,$10,$-2,$0,$0,$-2,$0,$-2,$0,$-4,$0,$0,$0,$8,$8,$0,$0,$8,$14,$13,$0
10,2016-03-31,20.27,$0.00,0.0,$5.53,3.66,$0.48,41.99,$-1.38,0.0,$0.14B,$0.16B,0.85,$0.00B,$-0.01B,0.0,$0.22B,$0.18B,81.98%,$0.22B,$-0.05B,-22.97%,$0.22B,$-0.05B,-22.97%,$0.22B,$-0.05B,-20.27%,$0.22B,$-0.05B,-23.87%,$0.22B,$-0.06B,-24.77%,$-0.06B,$-0.01B,1833.33%,$-0.06B,$-0.02B,611.11%,$-0.06B,$0.15B,-38.33%,$-0.05B,$-0.01B,1700.00%,$62,$11,$51,$24,$46,$81,$-20,$1,$-19,$1,$-20,$-20,$-20,$-18,$-20,$40,40,$-0.49,$-0.49,$115,$0,$0,$135,$9,$0,$6,$2,$17,$152,$160,$0,$0,$5,$165,$0,$-216,$1,$-13,$152,$-20,$1,$6,$7,$1,$0,$5,$6,$12,$-1,$-1,$0,$0,$-2,$0,$-2,$0,$-3,$0,$0,$0,$3,$3,$0,$0,$3,$-1,$6,$0
11,2015-12-31,22.75,$-0.09,-240.74,$5.16,4.41,$0.47,48.76,$-1.30,0.0,$0.13B,$0.15B,0.89,$0.00B,$-0.00B,0.0,$0.21B,$0.17B,81.95%,$0.21B,$-0.05B,-23.41%,$0.21B,$-0.05B,-23.41%,$0.21B,$-0.04B,-20.98%,$0.21B,$-0.05B,-23.90%,$0.21B,$-0.05B,-24.88%,$-0.05B,$-0.00B,-2040.00%,$-0.05B,$-0.01B,1457.14%,$-0.05B,$0.15B,-37.43%,$-0.05B,$-0.00B,-1920.00%,$57,$10,$47,$22,$35,$67,$-10,$-0,$-11,$1,$-11,$-11,$-11,$-9,$-10,$40,40,$-0.28,$-0.28,$114,$0,$0,$132,$9,$0,$6,$2,$17,$149,$148,$0,$0,$5,$153,$0,$-196,$-0,$-4,$149,$-51,$6,$18,$6,$-5,$0,$7,$46,$48,$21,$-6,$-0,$0,$-22,$0,$-22,$-0,$-29,$0,$0,$0,$7,$7,$0,$0,$7,$-1,$19,$0
12,2015-09-30,17.42,$0.00,0.0,$4.83,3.61,$-0.06,0.0,$-1.41,0.0,$0.12B,$0.14B,0.91,$0.00B,$0.00B,0.0,$0.19B,$0.16B,81.58%,$0.19B,$-0.05B,-27.37%,$0.19B,$-0.05B,-27.37%,$0.19B,$-0.05B,-24.74%,$0.19B,$-0.05B,-26.84%,$0.19B,$-0.06B,-28.95%,$-0.06B,$0.00B,-666.67%,$-0.06B,$-0.01B,-2750.00%,$-0.06B,$0.14B,-42.80%,$-0.05B,$0.00B,-630.30%,$54,$9,$44,$20,$35,$64,$-10,$-1,$-11,$1,$-12,$-12,$-12,$-9,$-10,$40,40,$-0.30,$-0.30,$104,$0,$12,$123,$0,$0,$6,$2,$8,$140,$135,$0,$0,$5,$140,$0,$-185,$0,$-0,$140,$-40,$4,$14,$18,$-6,$0,$8,$25,$27,$11,$-5,$0,$0,$-11,$0,$-11,$0,$-16,$0,$0,$0,$5,$5,$0,$0,$5,$0,$13,$0
13,2015-06-30,23.62,$0.00,0.0,$4.47,5.29,$-0.39,0.0,$-1.45,0.0,$0.12B,$0.12B,0.94,$0.00B,$0.01B,0.0,$0.17B,$0.14B,81.61%,$0.17B,$-0.06B,-32.18%,$0.17B,$-0.06B,-32.18%,$0.17B,$-0.05B,-29.31%,$0.17B,$-0.05B,-29.89%,$0.17B,$-0.06B,-32.18%,$-0.06B,$0.01B,-350.00%,$-0.06B,$-0.00B,-520.93%,$-0.06B,$0.13B,-45.62%,$-0.06B,$0.01B,-350.00%,$49,$8,$40,$18,$33,$59,$-11,$-1,$-12,$1,$-12,$-12,$-12,$-9,$-11,$39,39,$-0.31,$-0.31,$97,$0,$14,$116,$0,$0,$6,$2,$8,$133,$123,$0,$0,$4,$127,$0,$-173,$0,$5,$133,$-28,$2,$7,$10,$-3,$0,$6,$21,$23,$5,$-4,$0,$0,$-0,$0,$-0,$0,$-4,$0,$0,$0,$3,$3,$0,$0,$3,$4,$8,$0
14,2015-03-31,19.16,$0.00,0.0,$4.13,4.64,$-0.50,0.0,$-1.51,0.0,$0.11B,$0.11B,0.97,$0.00B,$0.01B,0.0,$0.16B,$0.13B,81.76%,$0.16B,$-0.06B,-36.48%,$0.16B,$-0.06B,-36.48%,$0.16B,$-0.06B,-34.59%,$0.16B,$-0.05B,-33.33%,$0.16B,$-0.06B,-36.48%,$-0.06B,$0.01B,-234.34%,$-0.06B,$0.00B,-279.52%,$-0.06B,$0.12B,-48.95%,$-0.06B,$0.01B,-234.34%,$45,$8,$37,$17,$37,$62,$-17,$2,$-15,$1,$-16,$-16,$-16,$-16,$-17,$39,39,$-0.41,$-0.41,$85,$0,$18,$106,$0,$0,$6,$2,$8,$123,$110,$0,$0,$4,$114,$0,$-161,$0,$9,$123,$-16,$1,$4,$6,$-2,$0,$6,$6,$10,$-1,$-2,$0,$0,$10,$0,$10,$0,$8,$0,$0,$0,$2,$2,$0,$0,$2,$9,$4,$0
15,2014-12-31,21.0,$0.49,43.26,$3.74,5.61,$-0.45,0.0,$-1.50,0.0,$0.10B,$0.10B,1.07,$0.00B,$0.02B,0.0,$0.14B,$0.12B,81.82%,$0.14B,$-0.06B,-38.46%,$0.14B,$-0.06B,-38.46%,$0.14B,$-0.05B,-37.06%,$0.14B,$-0.05B,-36.36%,$0.14B,$-0.06B,-39.86%,$-0.06B,$0.02B,-161.70%,$-0.06B,$0.01B,-176.74%,$-0.06B,$0.12B,-48.82%,$-0.06B,$0.02B,-156.03%,$42,$8,$34,$17,$31,$55,$-14,$1,$-13,$2,$-15,$-15,$-15,$-13,$-14,$38,38,$-0.39,$-0.39,$92,$0,$10,$103,$12,$0,$6,$2,$21,$118,$97,$0,$0,$3,$100,$0,$-145,$-3,$19,$118,$-57,$3,$16,$3,$-0,$0,$1,$37,$30,$-1,$-6,$-1,$0,$-50,$0,$-52,$-4,$-61,$0,$0,$0,$1,$1,$0,$-0,$1,$-61,$14,$0
16,2014-09-30,16.25,$0.00,0.0,$3.65,4.46,$-0.23,0.0,$-1.56,0.0,$0.11B,$0.08B,1.27,$0.00B,$0.03B,0.0,$0.13B,$0.11B,85.71%,$0.13B,$-0.02B,-12.70%,$0.13B,$-0.02B,-12.70%,$0.13B,$-0.02B,-11.90%,$0.13B,$-0.01B,-11.11%,$0.13B,$-0.05B,-42.06%,$-0.05B,$0.03B,-115.22%,$-0.05B,$0.03B,-118.44%,$-0.05B,$0.12B,-45.69%,$-0.02B,$0.03B,-34.78%,$38,$7,$31,$16,$29,$51,$-14,$1,$-12,$0,$-13,$-13,$-13,$-13,$-14,$38,38,$-0.34,$-0.34,$97,$0,$9,$107,$0,$0,$1,$2,$3,$117,$84,$0,$0,$2,$86,$0,$-130,$0,$31,$117,$-41,$2,$0,$2,$0,$0,$0,$0,$22,$-2,$-5,$0,$-1,$0,$0,$-50,$1,$-55,$0,$0,$0,$0,$0,$0,$0,$0,$-57,$0,$0
