,Date,Stock Price,Book Value per Share,Price to Book Ratio,TTM Sales per Share,Price to Sales Ratio,TTM FCF per Share,Price to FCF Ratio,TTM Net EPS,PE Ratio,Current Assets,Current Liabilities,Current Ratio,Long Term Debt,Shareholder's Equity_x,Debt to Equity Ratio,TTM Revenue_x,TTM Gross Profit,Gross Margin,TTM Revenue_y,TTM Operating Income,Operating Margin,TTM Revenue_x,TTM EBIT,EBIT Margin,TTM Revenue_y,TTM EBITDA,EBITDA Margin,TTM Revenue_x,TTM Pre-Tax Income,Pre-Tax Margin,TTM Revenue_y,TTM Net Income_x,Net Margin,TTM Net Income_y,Shareholder's Equity_y,Return on Equity,TTM Net Income_x,Tangible Equity,Return on Tangible Equity,TTM Net Income_y,Total Assets,Return on Assets,TTM Net Income,LT Investments & Debt,Return on Investment,revenue,cost-goods-sold,gross-profit,research-development-expenses,selling-general-administrative-expenses,operating-expenses,operating-income,total-non-operating-income-expense,pre-tax-income,total-provision-income-taxes,income-after-taxes,income-from-continuous-operations,net-income,ebitda,ebit,basic-shares-outstanding,shares-outstanding,eps-basic-net-earnings-per-share,eps-earnings-per-share-diluted,cash-on-hand,inventory,other-current-assets,total-current-assets,net-property-plant-equipment,long-term-investments,goodwill-intangible-assets-total,other-long-term-assets,total-long-term-assets,total-assets,total-current-liabilities,long-term-debt,other-non-current-liabilities,total-long-term-liabilities,total-liabilities,common-stock-net,retained-earnings-accumulated-deficit,comprehensive-income,total-share-holder-equity,total-liabilities-share-holders-equity,net-income-loss,total-depreciation-amortization-cash-flow,other-non-cash-items,total-non-cash-items,change-in-accounts-receivable,change-in-inventories,change-in-accounts-payable,change-in-assets-liabilities,total-change-in-assets-liabilities,cash-flow-from-operating-activities,net-change-in-property-plant-equipment,net-change-in-intangible-assets,net-acquisitions-divestitures,net-change-in-short-term-investments,net-change-in-long-term-investments,net-change-in-investments-total,investing-activities-other,cash-flow-from-investing-activities,net-long-term-debt,net-current-debt,debt-issuance-retirement-net-total,net-common-equity-issued-repurchased,net-total-equity-issued-repurchased,total-common-preferred-stock-dividends-paid,financial-activities-other,cash-flow-from-financial-activities,net-cash-flow,stock-based-compensation,common-stock-dividends-paid
0,2018-09-30,1.07,$0.04,30.23,$0.17,6.22,$-1.67,0.0,$-0.66,0.0,$0.01B,$0.01B,0.7,$0.00B,$0.00B,0.0,$0.01B,$-0.01B,-128.57%,$0.01B,$-0.03B,-428.57%,$0.01B,$-0.03B,-428.57%,$0.01B,$-0.03B,-400.00%,$0.01B,$-0.03B,-428.57%,$0.01B,$-0.03B,-442.86%,$-0.03B,$0.00B,12400.00%,$-0.03B,$0.00B,12400.00%,$-0.03B,$0.01B,-225.45%,$-0.03B,$0.00B,-3000.00%,$0,$1,$-1,$1,$3,$6,$-6,$1,$-5,$0,$-5,$-5,$-5,$-6,$-6,$46,46,$-0.12,$-0.12,$3,$5,$0,$9,$5,$0,$0,$0,$6,$14,$12,$0,$0,$0,$12,$0,$-124,$0,$2,$14,$-19,$2,$-1,$1,$1,$-0,$-1,$1,$0,$-17,$-0,$0,$0,$0,$0,$0,$0,$-0,$-0,$0,$-0,$16,$16,$0,$-0,$16,$-1,$1,$0
1,2018-06-30,1.82,$-0.11,-15.88,$0.26,7.08,$-2.08,0.0,$-1.01,0.0,$0.01B,$0.02B,0.39,$0.00B,$-0.01B,-0.33,$0.01B,$-0.01B,-120.00%,$0.01B,$-0.04B,-360.00%,$0.01B,$-0.04B,-360.00%,$0.01B,$-0.03B,-340.00%,$0.01B,$-0.04B,-370.00%,$0.01B,$-0.04B,-380.00%,$-0.04B,$-0.01B,-1520.00%,$-0.04B,$-0.01B,-1520.00%,$-0.04B,$0.01B,-230.30%,$-0.04B,$-0.00B,-847.06%,$0,$2,$-1,$2,$3,$7,$-6,$-1,$-7,$0,$-7,$-7,$-8,$-6,$-6,$42,42,$-0.18,$-0.18,$1,$5,$0,$6,$5,$0,$0,$0,$6,$12,$15,$2,$0,$2,$17,$0,$-118,$0,$-5,$12,$-13,$1,$1,$2,$1,$-0,$2,$2,$4,$-8,$0,$0,$0,$0,$0,$0,$0,$0,$-0,$0,$-0,$4,$4,$0,$0,$4,$-3,$1,$0
2,2018-03-31,2.64,$-0.04,-70.97,$0.26,10.15,$-2.47,0.0,$-1.09,0.0,$0.01B,$0.01B,0.53,$0.00B,$-0.00B,-1.09,$0.01B,$-0.01B,-120.00%,$0.01B,$-0.04B,-390.00%,$0.01B,$-0.04B,-390.00%,$0.01B,$-0.04B,-370.00%,$0.01B,$-0.04B,-390.00%,$0.01B,$-0.04B,-390.00%,$-0.04B,$-0.00B,-600.00%,$-0.04B,$-0.00B,-600.00%,$-0.04B,$0.01B,-205.26%,$-0.04B,$0.00B,-472.73%,$1,$2,$-1,$2,$2,$6,$-6,$-1,$-6,$0,$-6,$-6,$-6,$-5,$-6,$40,40,$-0.16,$-0.16,$1,$5,$0,$6,$6,$0,$0,$0,$6,$12,$12,$2,$0,$2,$14,$0,$-111,$0,$-2,$12,$-6,$1,$0,$1,$1,$-0,$-0,$1,$1,$-5,$0,$0,$0,$0,$0,$0,$0,$0,$-0,$0,$-0,$1,$1,$0,$0,$1,$-3,$0,$0
3,2017-12-31,2.56,$0.08,30.26,$0.29,8.71,$-2.75,0.0,$-1.17,0.0,$0.01B,$0.01B,0.95,$0.00B,$0.00B,0.49,$0.01B,$-0.01B,-127.27%,$0.01B,$-0.04B,-372.73%,$0.01B,$-0.04B,-372.73%,$0.01B,$-0.04B,-363.64%,$0.01B,$-0.04B,-372.73%,$0.01B,$-0.04B,-372.73%,$-0.04B,$0.00B,-348.94%,$-0.04B,$0.00B,-348.94%,$-0.04B,$0.02B,-186.36%,$-0.04B,$0.01B,-303.70%,$6,$12,$-6,$4,$2,$18,$-12,$-0,$-12,$0,$-12,$-12,$-12,$-11,$-12,$39,39,$-0.21,$-0.21,$4,$5,$0,$11,$6,$0,$0,$0,$6,$17,$11,$2,$0,$2,$13,$0,$-104,$0,$4,$17,$-41,$1,$1,$2,$-0,$-2,$3,$-0,$1,$-39,$-0,$0,$0,$0,$0,$0,$0,$-0,$5,$0,$5,$38,$38,$0,$0,$42,$4,$1,$0
4,2017-09-30,2.76,$0.32,8.71,$0.26,10.59,$-2.52,0.0,$-1.13,0.0,$0.02B,$0.01B,1.89,$0.00B,$0.01B,0.16,$0.01B,$-0.01B,-150.00%,$0.01B,$-0.04B,-450.00%,$0.01B,$-0.04B,-450.00%,$0.01B,$-0.04B,-450.00%,$0.01B,$-0.04B,-450.00%,$0.01B,$-0.04B,-450.00%,$-0.04B,$0.01B,-306.38%,$-0.04B,$0.01B,-306.38%,$-0.04B,$0.03B,-177.78%,$-0.04B,$0.02B,-261.82%,$3,$8,$-4,$5,$3,$15,$-12,$-0,$-12,$0,$-12,$-12,$-12,$-12,$-12,$36,36,$-0.35,$-0.35,$10,$7,$0,$19,$6,$0,$0,$0,$6,$25,$10,$2,$0,$2,$12,$0,$-93,$0,$13,$25,$-30,$0,$1,$1,$0,$-5,$6,$-2,$-0,$-28,$-0,$0,$0,$0,$0,$0,$0,$0,$-0,$0,$-0,$38,$38,$0,$0,$38,$9,$1,$0
5,2017-06-30,3.69,$0.31,11.89,$0.27,13.79,$-2.39,0.0,$-1.03,0.0,$0.02B,$0.01B,1.85,$0.00B,$0.01B,0.18,$0.01B,$-0.01B,-142.86%,$0.01B,$-0.03B,-414.29%,$0.01B,$-0.03B,-414.29%,$0.01B,$-0.03B,-414.29%,$0.01B,$-0.03B,-414.29%,$0.01B,$-0.03B,-414.29%,$-0.03B,$0.01B,-290.00%,$-0.03B,$0.01B,-290.00%,$-0.03B,$0.02B,-173.13%,$-0.03B,$0.01B,-252.17%,$0,$1,$-1,$6,$3,$9,$-9,$-0,$-9,$0,$-9,$-9,$-9,$-9,$-9,$35,35,$-0.26,$-0.26,$5,$9,$0,$16,$6,$0,$0,$0,$6,$22,$9,$2,$0,$2,$11,$0,$-80,$0,$11,$22,$-17,$0,$1,$1,$0,$-7,$4,$-1,$-4,$-20,$-0,$0,$0,$0,$0,$0,$0,$0,$-0,$0,$-0,$24,$24,$0,$1,$25,$5,$1,$0
6,2017-03-31,2.63,$0.53,4.92,$0.32,8.21,$-2.28,0.0,$-0.91,0.0,$0.02B,$0.00B,6.58,$0.00B,$0.02B,0.11,$0.01B,$-0.01B,-125.00%,$0.01B,$-0.02B,-287.50%,$0.01B,$-0.02B,-287.50%,$0.01B,$-0.02B,-287.50%,$0.01B,$-0.02B,-287.50%,$0.01B,$-0.02B,-287.50%,$-0.02B,$0.02B,-255.56%,$-0.02B,$0.02B,-255.56%,$-0.02B,$0.02B,-167.27%,$-0.02B,$0.02B,-230.00%,$2,$4,$-3,$3,$2,$9,$-8,$-0,$-8,$0,$-8,$-8,$-8,$-8,$-8,$33,33,$-0.24,$-0.24,$10,$5,$0,$18,$6,$0,$0,$0,$6,$24,$3,$2,$0,$2,$5,$0,$-71,$0,$19,$24,$-8,$0,$0,$0,$-0,$-3,$-1,$-1,$-6,$-13,$-0,$0,$0,$0,$0,$0,$0,$0,$-0,$0,$-0,$23,$23,$0,$0,$23,$10,$0,$0
7,2016-12-31,7.06,$0.14,51.01,$0.28,24.91,$-2.04,0.0,$-0.90,0.0,$0.00B,$0.00B,0.9,$0.00B,$0.00B,0.55,$0.01B,$-0.01B,-116.67%,$0.01B,$-0.02B,-316.67%,$0.01B,$-0.02B,-316.67%,$0.01B,$-0.02B,-316.67%,$0.01B,$-0.02B,-316.67%,$0.01B,$-0.02B,-316.67%,$-0.02B,$0.00B,-330.43%,$-0.02B,$0.00B,-330.43%,$-0.02B,$0.01B,-185.37%,$-0.02B,$0.01B,-304.00%,$3,$7,$-4,$2,$1,$10,$-7,$-0,$-7,$0,$-7,$-7,$-7,$-7,$-7,$25,25,$-0.16,$-0.16,$0,$2,$0,$4,$6,$0,$0,$0,$6,$10,$4,$2,$0,$2,$6,$0,$-63,$0,$4,$10,$-20,$0,$1,$1,$-1,$-2,$2,$1,$-1,$-19,$-1,$0,$0,$0,$0,$0,$0,$-1,$-3,$0,$-3,$15,$15,$0,$0,$12,$-7,$1,$0
