,Date,Stock Price,Book Value per Share,Price to Book Ratio,TTM Sales per Share,Price to Sales Ratio,TTM FCF per Share,Price to FCF Ratio,TTM Net EPS,PE Ratio,Current Assets,Current Liabilities,Current Ratio,Long Term Debt,Shareholder's Equity_x,Debt to Equity Ratio,TTM Revenue_x,TTM Gross Profit,Gross Margin,TTM Revenue_y,TTM Operating Income,Operating Margin,TTM Revenue_x,TTM EBIT,EBIT Margin,TTM Revenue_y,TTM EBITDA,EBITDA Margin,TTM Revenue_x,TTM Pre-Tax Income,Pre-Tax Margin,TTM Revenue_y,TTM Net Income_x,Net Margin,TTM Net Income_y,Shareholder's Equity_y,Return on Equity,TTM Net Income_x,Tangible Equity,Return on Tangible Equity,TTM Net Income_y,Total Assets,Return on Assets,TTM Net Income,LT Investments & Debt,Return on Investment,revenue,cost-goods-sold,gross-profit,research-development-expenses,selling-general-administrative-expenses,operating-expenses,operating-income,total-non-operating-income-expense,pre-tax-income,total-provision-income-taxes,income-after-taxes,income-from-continuous-operations,net-income,ebitda,ebit,basic-shares-outstanding,shares-outstanding,eps-basic-net-earnings-per-share,eps-earnings-per-share-diluted,cash-on-hand,inventory,other-current-assets,total-current-assets,net-property-plant-equipment,long-term-investments,goodwill-intangible-assets-total,other-long-term-assets,total-long-term-assets,total-assets,total-current-liabilities,long-term-debt,other-non-current-liabilities,total-long-term-liabilities,total-liabilities,common-stock-net,retained-earnings-accumulated-deficit,comprehensive-income,total-share-holder-equity,total-liabilities-share-holders-equity,net-income-loss,total-depreciation-amortization-cash-flow,other-non-cash-items,total-non-cash-items,change-in-accounts-receivable,change-in-inventories,change-in-accounts-payable,change-in-assets-liabilities,total-change-in-assets-liabilities,cash-flow-from-operating-activities,net-change-in-property-plant-equipment,net-change-in-intangible-assets,net-acquisitions-divestitures,net-change-in-short-term-investments,net-change-in-long-term-investments,net-change-in-investments-total,investing-activities-other,cash-flow-from-investing-activities,net-long-term-debt,net-current-debt,debt-issuance-retirement-net-total,net-common-equity-issued-repurchased,net-total-equity-issued-repurchased,total-common-preferred-stock-dividends-paid,financial-activities-other,cash-flow-from-financial-activities,net-cash-flow,stock-based-compensation,common-stock-dividends-paid
0,2018-09-30,33.96,$9.62,3.53,$27.03,1.26,$1.77,19.15,$1.31,25.92,$0.08B,$0.05B,1.68,$0.00B,$0.09B,0.0,$0.25B,$0.09B,34.40%,$0.25B,$0.01B,5.60%,$0.25B,$0.01B,5.60%,$0.25B,$0.02B,7.20%,$0.25B,$0.01B,5.60%,$0.25B,$0.01B,4.40%,$0.01B,$0.09B,14.10%,$0.01B,$0.04B,39.29%,$0.01B,$0.14B,8.07%,$0.01B,$0.09B,17.55%,$71,$48,$23,$0,$16,$66,$5,$-0,$5,$2,$3,$3,$3,$5,$5,$9,9,$0.37,$0.35,$17,$0,$44,$84,$5,$0,$51,$1,$57,$141,$50,$0,$3,$5,$55,$0,$29,$0,$86,$141,$9,$3,$3,$6,$19,$0,$-2,$-19,$-3,$12,$-1,$0,$-3,$0,$0,$0,$0,$-4,$-0,$-3,$-3,$2,$2,$0,$-4,$-6,$2,$4,$0
1,2018-06-30,30.97,$9.03,3.43,$26.86,1.15,$0.63,49.16,$1.27,24.39,$0.08B,$0.05B,1.65,$0.00B,$0.08B,0.03,$0.25B,$0.08B,33.47%,$0.25B,$0.01B,5.24%,$0.25B,$0.01B,5.24%,$0.25B,$0.02B,7.66%,$0.25B,$0.01B,5.24%,$0.25B,$0.01B,4.44%,$0.01B,$0.08B,15.07%,$0.01B,$0.03B,47.83%,$0.01B,$0.14B,8.22%,$0.01B,$0.08B,17.28%,$60,$37,$23,$0,$16,$56,$4,$-0,$4,$1,$3,$3,$3,$6,$4,$9,9,$0.38,$0.36,$11,$0,$42,$81,$5,$0,$52,$1,$58,$138,$49,$2,$5,$9,$58,$0,$26,$0,$80,$138,$6,$3,$2,$5,$16,$0,$-7,$-17,$-7,$4,$-0,$0,$-3,$0,$0,$0,$0,$-3,$-0,$-1,$-1,$1,$1,$0,$-4,$-4,$-3,$3,$0
2,2018-03-31,28.35,$8.51,3.33,$28.32,1.0,$0.87,32.59,$1.27,22.32,$0.07B,$0.04B,1.76,$0.00B,$0.08B,0.04,$0.26B,$0.08B,30.38%,$0.26B,$0.01B,5.38%,$0.26B,$0.01B,5.38%,$0.26B,$0.02B,7.31%,$0.26B,$0.01B,5.38%,$0.26B,$0.01B,4.23%,$0.01B,$0.08B,16.24%,$0.01B,$0.03B,45.83%,$0.01B,$0.13B,8.48%,$0.01B,$0.08B,20.00%,$55,$35,$20,$0,$15,$53,$2,$-0,$2,$-0,$2,$2,$2,$3,$2,$9,9,$0.25,$0.24,$5,$0,$42,$73,$5,$0,$48,$1,$54,$128,$42,$3,$6,$11,$53,$0,$22,$0,$75,$128,$2,$1,$1,$2,$18,$0,$-5,$-17,$-11,$-7,$-0,$0,$0,$0,$0,$0,$0,$-0,$-0,$-0,$-0,$1,$1,$0,$-3,$-2,$-9,$1,$0
3,2017-12-31,23.94,$8.03,2.98,$30.10,0.8,$1.40,17.16,$1.33,18.0,$0.08B,$0.06B,1.48,$0.00B,$0.07B,0.04,$0.27B,$0.08B,28.21%,$0.27B,$0.01B,5.13%,$0.27B,$0.01B,5.13%,$0.27B,$0.02B,6.96%,$0.27B,$0.01B,5.13%,$0.27B,$0.01B,4.40%,$0.01B,$0.07B,19.12%,$0.01B,$0.02B,50.00%,$0.01B,$0.14B,9.47%,$0.01B,$0.07B,21.71%,$64,$44,$20,$0,$15,$61,$3,$0,$3,$-0,$3,$3,$3,$4,$3,$9,9,$0.39,$0.35,$14,$0,$25,$83,$5,$0,$49,$1,$55,$138,$56,$3,$6,$11,$68,$0,$20,$0,$71,$138,$12,$5,$3,$8,$-7,$0,$3,$-10,$-10,$11,$-2,$0,$-15,$0,$0,$0,$0,$-17,$-0,$-3,$-4,$3,$3,$0,$-2,$-3,$-8,$3,$0
4,2017-09-30,32.46,$7.58,4.28,$29.80,1.09,$2.75,11.79,$1.15,28.23,$0.07B,$0.05B,1.46,$0.00B,$0.07B,0.03,$0.27B,$0.08B,28.20%,$0.27B,$0.01B,5.26%,$0.27B,$0.01B,5.26%,$0.27B,$0.02B,7.14%,$0.27B,$0.01B,5.26%,$0.27B,$0.01B,4.14%,$0.01B,$0.07B,19.13%,$0.01B,$0.02B,45.83%,$0.01B,$0.13B,9.22%,$0.01B,$0.07B,23.63%,$69,$49,$20,$0,$14,$65,$4,$-0,$4,$1,$3,$3,$3,$6,$4,$9,9,$0.33,$0.31,$6,$0,$0,$73,$5,$0,$51,$1,$57,$131,$50,$2,$9,$14,$64,$0,$16,$0,$66,$131,$9,$4,$4,$7,$-5,$0,$5,$-11,$-14,$2,$-2,$0,$-15,$0,$0,$0,$0,$-16,$-0,$-3,$-4,$3,$3,$0,$-2,$-3,$-17,$2,$0
5,2017-06-30,30.55,$6.84,4.47,$29.06,1.05,$4.49,6.8,$1.12,27.28,$0.09B,$0.06B,1.59,$0.00B,$0.06B,0.03,$0.26B,$0.07B,27.73%,$0.26B,$0.01B,5.08%,$0.26B,$0.01B,5.08%,$0.26B,$0.02B,6.64%,$0.26B,$0.01B,5.08%,$0.26B,$0.01B,3.91%,$0.01B,$0.06B,18.87%,$0.01B,$0.03B,40.00%,$0.01B,$0.12B,8.83%,$0.01B,$0.06B,23.85%,$72,$53,$19,$0,$12,$67,$5,$-0,$5,$1,$3,$3,$3,$6,$5,$9,9,$0.38,$0.36,$26,$0,$0,$89,$5,$0,$27,$1,$33,$122,$56,$2,$2,$7,$63,$0,$13,$0,$59,$122,$6,$2,$2,$4,$2,$0,$5,$-13,$-3,$7,$-1,$0,$0,$0,$0,$0,$0,$-1,$-0,$-2,$-3,$2,$2,$0,$-2,$-2,$4,$1,$0
6,2017-03-31,32.26,$6.39,5.05,$28.06,1.15,$4.60,7.01,$1.13,28.55,$0.08B,$0.06B,1.5,$0.00B,$0.06B,0.03,$0.24B,$0.07B,28.81%,$0.24B,$0.01B,4.94%,$0.24B,$0.01B,4.94%,$0.24B,$0.02B,6.58%,$0.24B,$0.01B,4.94%,$0.24B,$0.01B,4.12%,$0.01B,$0.06B,20.20%,$0.01B,$0.03B,47.62%,$0.01B,$0.12B,9.24%,$0.01B,$0.06B,23.53%,$68,$51,$18,$0,$14,$66,$2,$0,$2,$-1,$3,$3,$3,$3,$2,$8,9,$0.32,$0.30,$19,$0,$0,$83,$5,$0,$27,$1,$33,$116,$55,$2,$2,$6,$61,$0,$10,$0,$55,$116,$3,$1,$1,$2,$-1,$0,$2,$-11,$-6,$-1,$-1,$0,$0,$0,$0,$0,$0,$-1,$-0,$-1,$-1,$2,$2,$0,$-2,$-1,$-3,$0,$0
7,2016-12-31,22.59,$5.98,3.78,$24.46,0.92,$4.60,4.92,$0.96,23.53,$0.08B,$0.05B,1.47,$0.00B,$0.05B,0.05,$0.21B,$0.07B,31.58%,$0.21B,$0.01B,5.74%,$0.21B,$0.01B,5.74%,$0.21B,$0.02B,7.18%,$0.21B,$0.01B,5.74%,$0.21B,$0.01B,3.83%,$0.01B,$0.05B,17.39%,$0.01B,$0.02B,46.38%,$0.01B,$0.11B,7.80%,$0.01B,$0.05B,25.00%,$57,$39,$18,$0,$13,$55,$3,$-0,$3,$1,$2,$2,$2,$4,$3,$8,9,$0.19,$0.19,$23,$0,$0,$75,$5,$0,$28,$1,$33,$108,$51,$2,$3,$7,$58,$0,$7,$0,$50,$108,$8,$3,$3,$6,$1,$0,$0,$-3,$7,$22,$-2,$0,$-9,$0,$0,$0,$0,$-11,$-1,$-4,$-4,$1,$1,$0,$-1,$-5,$6,$1,$0
8,2016-09-30,17.55,$5.73,3.06,$21.64,0.81,$2.96,5.93,$0.83,21.14,$0.07B,$0.05B,1.44,$0.00B,$0.05B,0.03,$0.18B,$0.06B,33.15%,$0.18B,$0.01B,4.89%,$0.18B,$0.01B,4.89%,$0.18B,$0.01B,7.07%,$0.18B,$0.01B,5.43%,$0.18B,$0.01B,3.26%,$0.01B,$0.05B,13.95%,$0.01B,$0.02B,35.82%,$0.01B,$0.11B,6.42%,$0.01B,$0.05B,20.11%,$59,$43,$16,$0,$11,$56,$3,$-0,$3,$1,$2,$2,$2,$4,$3,$8,9,$0.30,$0.28,$19,$0,$0,$73,$4,$0,$29,$0,$34,$107,$51,$2,$3,$8,$59,$0,$6,$0,$48,$107,$7,$2,$3,$6,$5,$0,$2,$-8,$4,$17,$-1,$0,$-9,$0,$0,$0,$0,$-10,$-0,$-3,$-3,$0,$0,$0,$-1,$-4,$2,$1,$0
9,2016-06-30,10.62,$5.40,1.97,$19.05,0.56,$1.70,6.26,$0.65,16.34,$0.07B,$0.05B,1.35,$0.00B,$0.05B,0.05,$0.16B,$0.06B,36.48%,$0.16B,$0.01B,5.03%,$0.16B,$0.01B,5.03%,$0.16B,$0.01B,6.92%,$0.16B,$0.01B,5.03%,$0.16B,$0.01B,3.14%,$0.01B,$0.05B,12.42%,$0.01B,$0.02B,30.30%,$0.01B,$0.10B,5.81%,$0.01B,$0.05B,19.05%,$59,$41,$18,$0,$12,$55,$4,$-0,$4,$1,$3,$3,$3,$5,$4,$8,9,$0.39,$0.37,$10,$0,$0,$69,$4,$0,$29,$0,$34,$102,$51,$2,$3,$7,$58,$0,$3,$0,$45,$102,$4,$2,$1,$3,$2,$0,$-2,$-7,$-0,$7,$-1,$0,$-9,$0,$0,$0,$0,$-10,$-0,$-2,$-2,$0,$0,$0,$-1,$-3,$-6,$0,$0
10,2016-03-31,9.65,$5.04,1.91,$16.66,0.58,$1.15,8.39,$0.48,20.1,$0.06B,$0.04B,1.4,$0.00B,$0.04B,0.08,$0.14B,$0.05B,39.42%,$0.14B,$0.01B,5.11%,$0.14B,$0.01B,5.11%,$0.14B,$0.01B,6.57%,$0.14B,$0.01B,5.11%,$0.14B,$0.00B,2.92%,$0.00B,$0.04B,10.53%,$0.00B,$0.01B,23.88%,$0.00B,$0.09B,4.98%,$0.01B,$0.04B,17.61%,$34,$20,$14,$0,$10,$32,$2,$-0,$2,$1,$1,$1,$1,$2,$2,$8,8,$0.13,$0.13,$5,$0,$0,$60,$4,$0,$29,$1,$34,$93,$43,$3,$5,$9,$52,$0,$0,$0,$41,$93,$1,$1,$1,$1,$-2,$0,$-1,$-0,$-4,$-2,$-0,$0,$-9,$0,$0,$0,$0,$-9,$-0,$-1,$-1,$0,$0,$0,$0,$-1,$-12,$0,$0
11,2015-12-31,8.38,$4.76,1.76,$16.65,0.5,$1.07,7.85,$0.53,15.81,$0.05B,$0.03B,1.8,$0.00B,$0.04B,0.04,$0.14B,$0.05B,38.97%,$0.14B,$0.01B,5.88%,$0.14B,$0.01B,5.88%,$0.14B,$0.01B,7.35%,$0.14B,$0.01B,5.88%,$0.14B,$0.00B,2.94%,$0.00B,$0.04B,11.03%,$0.00B,$0.02B,22.54%,$0.00B,$0.07B,5.33%,$0.01B,$0.04B,21.19%,$32,$18,$13,$0,$11,$31,$0,$0,$1,$0,$0,$0,$0,$2,$0,$8,8,$0.05,$0.04,$16,$0,$0,$51,$4,$0,$18,$1,$22,$72,$28,$1,$5,$7,$35,$0,$-1,$0,$38,$72,$4,$3,$3,$6,$-4,$0,$2,$2,$-2,$8,$-2,$0,$-8,$0,$0,$0,$0,$-11,$-0,$1,$0,$1,$1,$0,$0,$1,$-2,$1,$0
12,2015-09-30,10.14,$4.67,2.17,$16.67,0.61,$1.85,5.49,$0.74,13.7,$0.05B,$0.04B,1.48,$0.00B,$0.04B,0.05,$0.13B,$0.05B,38.81%,$0.13B,$0.01B,7.46%,$0.13B,$0.01B,7.46%,$0.13B,$0.01B,8.21%,$0.13B,$0.01B,6.72%,$0.13B,$0.01B,4.48%,$0.01B,$0.04B,17.52%,$0.01B,$0.02B,29.63%,$0.01B,$0.08B,8.66%,$0.01B,$0.04B,27.97%,$34,$21,$13,$0,$9,$32,$2,$-0,$1,$1,$1,$1,$1,$2,$2,$8,8,$0.10,$0.10,$16,$0,$0,$51,$3,$0,$19,$0,$26,$77,$35,$2,$4,$6,$40,$0,$-1,$0,$37,$77,$4,$1,$3,$5,$-1,$0,$3,$-3,$-3,$6,$-2,$0,$-8,$0,$0,$0,$0,$-10,$-0,$0,$0,$0,$0,$0,$0,$1,$-4,$0,$0
13,2015-06-30,11.18,$4.54,2.46,$16.12,0.69,$2.06,5.42,$1.17,9.56,$0.05B,$0.04B,1.42,$0.00B,$0.04B,0.06,$0.13B,$0.05B,39.84%,$0.13B,$0.01B,8.59%,$0.13B,$0.01B,8.59%,$0.13B,$0.01B,9.38%,$0.13B,$0.01B,8.59%,$0.13B,$0.01B,7.03%,$0.01B,$0.04B,28.13%,$0.01B,$0.02B,39.56%,$0.01B,$0.08B,14.40%,$0.01B,$0.04B,33.08%,$37,$23,$14,$0,$10,$34,$3,$-0,$3,$1,$2,$2,$2,$3,$3,$8,8,$0.20,$0.20,$15,$0,$0,$53,$3,$0,$19,$0,$26,$79,$38,$2,$4,$6,$44,$0,$-2,$0,$36,$79,$3,$1,$2,$3,$-6,$0,$4,$-1,$-3,$3,$-1,$0,$-8,$0,$0,$0,$0,$-9,$-0,$1,$1,$0,$0,$0,$0,$1,$-5,$0,$0
14,2015-03-31,15.84,$4.32,3.66,$15.13,1.05,$2.41,6.57,$1.22,12.98,$0.05B,$0.03B,1.52,$0.00B,$0.03B,0.08,$0.12B,$0.05B,40.68%,$0.12B,$0.01B,8.47%,$0.12B,$0.01B,8.47%,$0.12B,$0.01B,9.32%,$0.12B,$0.01B,8.47%,$0.12B,$0.01B,7.63%,$0.01B,$0.03B,31.03%,$0.01B,$0.02B,36.73%,$0.01B,$0.07B,16.74%,$0.01B,$0.04B,33.61%,$33,$20,$13,$0,$9,$31,$3,$0,$3,$1,$1,$1,$1,$3,$3,$8,8,$0.19,$0.18,$12,$0,$0,$47,$2,$0,$17,$1,$24,$72,$31,$3,$4,$7,$38,$0,$-4,$0,$34,$72,$1,$0,$1,$1,$-3,$0,$2,$-2,$-5,$-2,$-0,$0,$-7,$0,$0,$0,$0,$-7,$-0,$1,$1,$0,$0,$0,$0,$2,$-8,$0,$0
15,2014-12-31,13.49,$3.98,3.39,$14.00,0.96,$3.34,4.04,$1.21,11.15,$0.05B,$0.02B,2.49,$0.00B,$0.03B,0.01,$0.11B,$0.04B,40.74%,$0.11B,$0.01B,7.41%,$0.11B,$0.01B,7.41%,$0.11B,$0.01B,8.33%,$0.11B,$0.01B,7.41%,$0.11B,$0.01B,8.33%,$0.01B,$0.03B,34.62%,$0.01B,$0.03B,34.62%,$0.01B,$0.05B,19.57%,$0.01B,$0.03B,30.48%,$30,$18,$12,$0,$9,$28,$2,$0,$2,$0,$2,$2,$2,$3,$2,$7,8,$0.27,$0.27,$18,$0,$0,$46,$1,$0,$0,$1,$3,$49,$18,$0,$0,$0,$19,$0,$-5,$0,$30,$49,$9,$0,$-1,$-0,$-1,$0,$-1,$-1,$3,$12,$-0,$0,$0,$0,$0,$0,$0,$-0,$-0,$-0,$-0,$1,$1,$0,$0,$0,$12,$0,$0
16,2014-09-30,14.46,$3.73,3.88,$13.09,1.1,$1.99,7.28,$1.04,13.9,$0.04B,$0.02B,1.99,$0.00B,$0.03B,0.01,$0.10B,$0.04B,41.00%,$0.10B,$0.01B,7.00%,$0.10B,$0.01B,7.00%,$0.10B,$0.01B,7.00%,$0.10B,$0.01B,7.00%,$0.10B,$0.01B,8.00%,$0.01B,$0.03B,34.04%,$0.01B,$0.03B,34.04%,$0.01B,$0.05B,18.50%,$0.01B,$0.03B,29.79%,$28,$16,$12,$0,$8,$26,$3,$0,$3,$-1,$4,$4,$4,$3,$3,$8,8,$0.55,$0.53,$13,$0,$0,$44,$1,$0,$0,$1,$7,$50,$22,$0,$0,$0,$22,$0,$-7,$0,$28,$50,$7,$0,$-1,$-1,$-1,$0,$0,$-3,$-1,$6,$-0,$0,$0,$0,$0,$0,$0,$-0,$-0,$-1,$-1,$0,$0,$0,$0,$-0,$5,$0,$0
17,2014-06-30,8.67,$3.17,2.74,$12.31,0.7,$1.79,4.84,$0.62,13.98,$0.04B,$0.02B,1.92,$0.00B,$0.02B,0.01,$0.09B,$0.04B,40.86%,$0.09B,$0.01B,5.38%,$0.09B,$0.01B,5.38%,$0.09B,$0.01B,5.38%,$0.09B,$0.01B,5.38%,$0.09B,$0.01B,5.38%,$0.01B,$0.02B,23.53%,$0.01B,$0.02B,23.53%,$0.01B,$0.04B,12.58%,$0.01B,$0.02B,23.26%,$27,$16,$11,$0,$8,$25,$2,$0,$2,$0,$2,$2,$2,$2,$2,$7,8,$0.26,$0.25,$12,$0,$0,$39,$1,$0,$0,$1,$5,$44,$20,$0,$0,$0,$21,$0,$-11,$0,$24,$44,$3,$0,$0,$0,$1,$0,$1,$-3,$1,$4,$-0,$0,$0,$0,$0,$0,$0,$-0,$0,$-0,$-0,$0,$0,$0,$0,$-0,$4,$0,$0
18,2014-03-31,4.53,$2.92,1.55,$11.56,0.39,$1.53,2.97,$0.46,9.85,$0.04B,$0.02B,1.86,$0.00B,$0.02B,0.0,$0.09B,$0.04B,41.86%,$0.09B,$0.00B,4.65%,$0.09B,$0.00B,4.65%,$0.09B,$0.00B,4.65%,$0.09B,$0.00B,4.65%,$0.09B,$0.00B,4.65%,$0.00B,$0.02B,20.00%,$0.00B,$0.02B,20.00%,$0.00B,$0.04B,10.60%,$0.00B,$0.02B,19.75%,$23,$13,$9,$0,$7,$21,$1,$0,$1,$0,$1,$1,$1,$1,$1,$7,8,$0.18,$0.17,$13,$0,$0,$36,$1,$0,$0,$1,$5,$41,$20,$0,$0,$0,$20,$0,$-13,$0,$22,$41,$1,$0,$0,$0,$2,$0,$-0,$-0,$3,$5,$-0,$0,$0,$0,$0,$0,$0,$-0,$-0,$-0,$-0,$0,$0,$0,$0,$-0,$5,$0,$0
19,2013-12-31,5.31,$2.74,1.94,$11.48,0.46,$1.00,5.33,$0.34,15.62,$0.03B,$0.02B,1.88,$0.00B,$0.02B,0.0,$0.08B,$0.04B,42.86%,$0.08B,$0.00B,3.57%,$0.08B,$0.00B,3.57%,$0.08B,$0.00B,4.76%,$0.08B,$0.00B,3.57%,$0.08B,$0.00B,3.57%,$0.00B,$0.02B,15.79%,$0.00B,$0.02B,15.79%,$0.00B,$0.04B,8.00%,$0.00B,$0.02B,15.58%,$22,$13,$9,$0,$7,$22,$1,$0,$1,$0,$1,$1,$1,$1,$1,$7,7,$0.11,$0.10,$8,$0,$0,$34,$1,$0,$0,$0,$5,$38,$18,$0,$0,$0,$18,$0,$-15,$0,$20,$38,$3,$1,$0,$1,$2,$0,$-3,$-2,$-2,$1,$-0,$0,$0,$0,$0,$0,$0,$-0,$-0,$-3,$-3,$0,$0,$0,$0,$-3,$-2,$0,$0
20,2013-09-30,3.71,$2.64,1.4,$11.62,0.32,$1.47,2.53,$0.29,12.79,$0.03B,$0.02B,1.91,$0.00B,$0.02B,0.0,$0.09B,$0.04B,43.53%,$0.09B,$0.00B,3.53%,$0.09B,$0.00B,3.53%,$0.09B,$0.00B,4.71%,$0.09B,$0.00B,3.53%,$0.09B,$0.00B,2.35%,$0.00B,$0.02B,10.96%,$0.00B,$0.02B,10.96%,$0.00B,$0.04B,5.19%,$0.00B,$0.02B,16.22%,$21,$12,$9,$0,$7,$20,$1,$0,$1,$0,$1,$1,$1,$1,$1,$7,8,$0.11,$0.11,$10,$0,$0,$32,$1,$0,$0,$0,$5,$36,$17,$0,$0,$0,$17,$0,$-15,$0,$19,$36,$2,$0,$0,$1,$5,$0,$-4,$-1,$1,$4,$-0,$0,$0,$0,$0,$0,$0,$-0,$-0,$-4,$-4,$0,$0,$0,$0,$-4,$0,$0,$0
21,2013-06-30,3.01,$2.52,1.19,$11.75,0.26,$1.54,1.95,$0.29,10.38,$0.03B,$0.02B,1.86,$0.00B,$0.02B,0.0,$0.09B,$0.04B,44.19%,$0.09B,$0.00B,3.49%,$0.09B,$0.00B,3.49%,$0.09B,$0.01B,5.81%,$0.09B,$0.00B,3.49%,$0.09B,$0.00B,2.33%,$0.00B,$0.02B,11.27%,$0.00B,$0.02B,11.27%,$0.00B,$0.04B,5.00%,$0.00B,$0.02B,16.90%,$20,$11,$9,$0,$7,$20,$1,$-0,$1,$-0,$1,$1,$1,$1,$1,$7,7,$0.09,$0.09,$8,$0,$0,$31,$1,$0,$0,$0,$5,$36,$17,$0,$0,$0,$17,$0,$-16,$0,$19,$36,$1,$0,$0,$1,$4,$0,$-4,$-0,$0,$2,$-0,$0,$0,$0,$0,$0,$0,$-0,$-0,$-3,$-4,$0,$0,$0,$0,$-3,$-2,$0,$0
22,2013-03-31,2.21,$2.43,0.91,$12.20,0.18,$1.37,1.61,$-2.13,0.0,$0.04B,$0.02B,1.64,$0.00B,$0.02B,0.01,$0.09B,$0.04B,39.33%,$0.09B,$-0.02B,-20.22%,$0.09B,$-0.02B,-20.22%,$0.09B,0,0.00%,$0.09B,$-0.02B,-20.22%,$0.09B,$-0.02B,-17.98%,$-0.02B,$0.02B,-94.12%,$-0.02B,$0.02B,-94.12%,$-0.02B,$0.04B,-37.65%,$-0.02B,$0.02B,-105.88%,$21,$12,$9,$0,$8,$21,$0,$-0,$0,$0,$0,$0,$0,$1,$0,$7,7,$0.05,$0.05,$10,$0,$0,$35,$1,$0,$0,$0,$5,$40,$21,$0,$0,$0,$22,$0,$-17,$0,$18,$40,$0,$0,$0,$0,$3,$0,$-3,$-1,$0,$1,$-0,$0,$0,$0,$0,$0,$0,$-0,$-0,$-0,$-0,$0,$0,$0,$0,$-0,$0,$0,$0
23,2012-12-31,2.22,$2.37,0.94,$12.80,0.17,$1.16,1.91,$-2.37,0.0,$0.04B,$0.02B,1.54,$0.00B,$0.02B,0.01,$0.09B,$0.03B,36.56%,$0.09B,$-0.02B,-21.51%,$0.09B,$-0.02B,-21.51%,$0.09B,$-0.00B,-3.23%,$0.09B,$-0.02B,-21.51%,$0.09B,$-0.02B,-18.28%,$-0.02B,$0.02B,-81.93%,$-0.02B,$0.02B,-100.00%,$-0.02B,$0.04B,-34.52%,$-0.02B,$0.02B,-96.39%,$23,$13,$10,$0,$7,$22,$1,$-0,$1,$1,$0,$0,$0,$1,$1,$7,7,$0.04,$0.04,$10,$0,$0,$37,$1,$0,$0,$0,$5,$42,$24,$0,$0,$0,$25,$0,$-17,$0,$17,$42,$-17,$16,$-1,$15,$1,$0,$-1,$13,$7,$5,$-0,$0,$0,$0,$0,$0,$0,$-0,$-0,$3,$3,$0,$0,$0,$0,$3,$7,$0,$0
24,2012-09-30,1.7,$2.32,0.73,$13.78,0.12,$0.42,4.03,$-2.52,0.0,$0.04B,$0.03B,1.44,$0.00B,$0.02B,0.01,$0.10B,$0.04B,35.00%,$0.10B,$-0.02B,-21.00%,$0.10B,$-0.02B,-21.00%,$0.10B,$-0.00B,-3.00%,$0.10B,$-0.02B,-21.00%,$0.10B,$-0.02B,-18.00%,$-0.02B,$0.02B,-72.00%,$-0.02B,$0.02B,-102.86%,$-0.02B,$0.04B,-32.88%,$-0.02B,$0.02B,-83.17%,$22,$11,$10,$0,$7,$20,$1,$-0,$1,$1,$1,$1,$1,$2,$1,$7,7,$0.11,$0.11,$9,$0,$0,$36,$1,$0,$0,$0,$7,$42,$25,$0,$0,$1,$25,$0,$-17,$0,$17,$42,$-18,$16,$-3,$13,$2,$0,$-3,$13,$9,$5,$-0,$0,$0,$0,$0,$0,$0,$-0,$-0,$2,$2,$0,$0,$0,$0,$2,$6,$0,$0
25,2012-06-30,1.51,$2.21,0.68,$14.67,0.1,$0.20,7.63,$-2.34,0.0,$0.04B,$0.03B,1.34,$0.00B,$0.02B,0.01,$0.11B,$0.04B,34.58%,$0.11B,$-0.02B,-18.69%,$0.11B,$-0.02B,-18.69%,$0.11B,$-0.00B,-1.87%,$0.11B,$-0.02B,-18.69%,$0.11B,$-0.02B,-15.89%,$-0.02B,$0.02B,-57.63%,$-0.02B,$0.02B,-93.15%,$-0.02B,$0.05B,-28.94%,$-0.02B,$0.02B,-67.23%,$23,$17,$6,$0,$9,$43,$-20,$-0,$-20,$-3,$-17,$-17,$-17,$-4,$-20,$7,7,$-2.33,$-2.33,$6,$0,$0,$40,$1,$0,$0,$0,$7,$46,$30,$0,$0,$1,$30,$0,$-18,$0,$16,$46,$-18,$16,$-3,$13,$-5,$0,$3,$11,$7,$1,$-0,$0,$0,$0,$0,$0,$0,$-0,$-0,$2,$2,$0,$0,$0,$0,$2,$3,$0,$0
26,2012-03-31,3.65,$4.52,0.81,$14.90,0.24,$0.28,13.13,$0.09,40.56,$0.05B,$0.03B,1.35,$0.00B,$0.03B,0.01,$0.11B,$0.04B,37.27%,$0.11B,$0.00B,0.91%,$0.11B,$0.00B,0.91%,$0.11B,$0.00B,2.73%,$0.11B,$0.00B,0.91%,$0.11B,$0.00B,0.91%,$0.00B,$0.03B,2.96%,$0.00B,$0.02B,5.41%,$0.00B,$0.07B,1.65%,$0.00B,$0.03B,2.94%,$25,$17,$8,$0,$9,$28,$-2,$-0,$-2,$-1,$-1,$-1,$-1,$-2,$-2,$7,7,$-0.19,$-0.19,$5,$0,$0,$45,$1,$0,$15,$0,$22,$67,$34,$0,$0,$1,$34,$0,$-1,$0,$33,$67,$-1,$0,$0,$0,$2,$0,$2,$-3,$0,$-1,$-0,$0,$0,$0,$0,$0,$0,$-0,$-0,$3,$3,$0,$0,$0,$0,$3,$2,$0,$0
27,2011-12-31,3.96,$4.71,0.84,$14.55,0.27,$0.47,8.5,$0.24,16.5,$0.04B,$0.03B,1.45,$0.00B,$0.03B,0.01,$0.11B,$0.04B,38.89%,$0.11B,$0.00B,2.78%,$0.11B,$0.00B,2.78%,$0.11B,$0.01B,4.63%,$0.11B,$0.00B,2.78%,$0.11B,$0.00B,1.85%,$0.00B,$0.03B,5.97%,$0.00B,$0.02B,10.67%,$0.00B,$0.06B,3.56%,$0.00B,$0.04B,8.89%,$30,$19,$11,$0,$11,$30,$0,$-0,$0,$1,$-1,$-1,$-1,$1,$0,$7,7,$-0.11,$-0.11,$3,$0,$0,$42,$1,$0,$15,$0,$22,$64,$29,$0,$1,$1,$30,$0,$0,$0,$34,$64,$2,$1,$1,$1,$-3,$0,$3,$-9,$-4,$-1,$-0,$0,$-3,$0,$0,$0,$0,$-3,$-0,$0,$0,$0,$0,$0,$0,$0,$-4,$0,$0
28,2011-09-30,3.73,$0.00,0.0,$13.16,0.28,$0.54,6.97,$0.39,9.56,$0.04B,$0.02B,1.82,$0.00B,$0.04B,0.01,$0.10B,$0.04B,39.80%,$0.10B,$0.00B,3.06%,$0.10B,$0.00B,3.06%,$0.10B,$0.00B,4.08%,$0.10B,$0.00B,3.06%,$0.10B,$0.00B,3.06%,$0.00B,$0.04B,9.09%,$0.00B,$0.02B,15.79%,$0.00B,$0.06B,5.71%,$0.00B,$0.04B,9.09%,$29,$17,$12,$0,$8,$26,$2,$-0,$2,$0,$2,$2,$2,$3,$2,$7,7,$0.30,$0.29,$8,$0,$1,$41,$0,$0,$15,$0,$16,$58,$22,$0,$0,$1,$23,$0,$1,$0,$35,$58,$3,$1,$-1,$0,$-0,$0,$2,$-4,$0,$3,$-0,$0,$-3,$0,$0,$0,$0,$-3,$-0,$2,$2,$0,$0,$0,$0,$2,$2,$0,$0
29,2011-06-30,3.95,$0.00,0.0,$12.16,0.32,$0.30,13.3,$0.21,18.81,$0.04B,$0.02B,1.81,$0.00B,$0.03B,0.01,$0.09B,$0.04B,40.00%,$0.09B,$0.00B,2.22%,$0.09B,$0.00B,2.22%,$0.09B,$0.00B,3.33%,$0.09B,$0.00B,2.22%,$0.09B,$0.00B,2.22%,$0.00B,$0.03B,6.20%,$0.00B,$0.02B,10.67%,$0.00B,$0.05B,4.00%,$0.00B,$0.03B,6.20%,$26,$16,$10,$0,$8,$25,$1,$-0,$1,$0,$1,$1,$1,$1,$1,$7,7,$0.10,$0.10,$7,$0,$2,$36,$0,$0,$15,$0,$16,$53,$20,$0,$0,$1,$21,$0,$-1,$0,$33,$53,$0,$1,$0,$1,$3,$0,$-1,$-4,$0,$2,$-0,$0,$0,$0,$0,$0,$0,$-0,$-0,$-1,$-1,$0,$0,$0,$0,$-1,$1,$0,$0
30,2011-03-31,4.03,$0.00,0.0,$11.52,0.35,$-0.15,0.0,$0.28,14.39,$0.04B,$0.02B,2.07,$0.00B,$0.03B,0.01,$0.08B,$0.04B,42.86%,$0.08B,$0.00B,2.38%,$0.08B,$0.00B,2.38%,$0.08B,$0.00B,4.76%,$0.08B,$0.00B,2.38%,$0.08B,$0.00B,2.38%,$0.00B,$0.03B,6.30%,$0.00B,$0.02B,10.53%,$0.00B,$0.05B,4.15%,$0.00B,$0.03B,6.30%,$23,$14,$9,$0,$8,$23,$-0,$-0,$-0,$0,$-0,$-0,$-0,$-0,$-0,$7,7,$-0.04,$-0.04,$7,$0,$2,$35,$0,$0,$13,$0,$14,$50,$17,$0,$0,$1,$18,$0,$-2,$0,$32,$50,$-0,$0,$0,$0,$1,$0,$-1,$0,$1,$1,$-0,$0,$0,$0,$0,$0,$0,$-0,$-0,$0,$0,$0,$0,$0,$0,$0,$1,$0,$0
31,2010-12-31,4.0,$0.00,0.0,$10.73,0.37,$-0.42,0.0,$0.37,10.81,$0.03B,$0.02B,2.11,$0.00B,$0.03B,0.01,$0.08B,$0.04B,46.15%,$0.08B,$0.00B,2.56%,$0.08B,$0.00B,2.56%,$0.08B,$0.01B,6.41%,$0.08B,$0.00B,2.56%,$0.08B,$0.00B,2.56%,$0.00B,$0.03B,6.40%,$0.00B,$0.02B,10.53%,$0.00B,$0.05B,4.32%,$0.00B,$0.03B,6.40%,$20,$11,$8,$0,$8,$20,$0,$-0,$0,$-0,$0,$0,$0,$0,$0,$7,7,$0.04,$0.04,$7,$0,$2,$34,$0,$0,$13,$0,$14,$49,$16,$0,$0,$1,$17,$0,$-2,$0,$32,$49,$3,$1,$1,$1,$-4,$0,$4,$-5,$-4,$0,$-1,$0,$-2,$0,$0,$0,$0,$-3,$-0,$1,$0,$0,$0,$0,$0,$1,$-2,$0,$0
32,2010-09-30,3.4,$0.00,0.0,$9.98,0.34,$-0.09,0.0,$-0.13,0.0,$0.03B,$0.02B,2.16,$0.00B,$0.03B,0.0,$0.07B,$0.04B,50.00%,$0.07B,0,0.00%,$0.07B,0,0.00%,$0.07B,$0.00B,4.17%,$0.07B,$-0.00B,-2.78%,$0.07B,$-0.00B,-1.39%,$-0.00B,$0.03B,-3.28%,$-0.00B,$0.02B,-5.33%,$-0.00B,$0.05B,-2.27%,$0.00B,$0.03B,0.00%,$21,$11,$9,$0,$8,$19,$1,$0,$1,$1,$1,$1,$1,$2,$1,$7,7,$0.11,$0.11,$8,$0,$1,$32,$0,$0,$13,$0,$14,$48,$15,$0,$1,$1,$16,$0,$-2,$0,$32,$48,$2,$1,$0,$1,$0,$0,$0,$0,$-2,$1,$-0,$0,$-2,$0,$0,$0,$0,$-2,$0,$0,$0,$0,$0,$0,$0,$0,$-1,$0,$0
33,2010-06-30,2.76,$0.00,0.0,$9.17,0.3,$-0.00,0.0,$-0.36,0.0,$0.03B,$0.01B,2.15,$0.00B,$0.03B,0.0,$0.07B,$0.04B,53.03%,$0.07B,$-0.00B,-3.03%,$0.07B,$-0.00B,-3.03%,$0.07B,0,0.00%,$0.07B,$-0.00B,-6.06%,$0.07B,$-0.00B,-4.55%,$-0.00B,$0.03B,-9.84%,$-0.00B,$0.02B,-16.00%,$-0.00B,$0.05B,-7.02%,$-0.00B,$0.03B,-6.50%,$20,$11,$10,$0,$8,$19,$1,$0,$1,$0,$1,$1,$1,$2,$1,$7,7,$0.17,$0.17,$7,$0,$2,$31,$0,$0,$13,$0,$14,$46,$14,$0,$0,$1,$15,$0,$-3,$0,$31,$46,$2,$1,$0,$1,$0,$0,$0,$0,$-4,$-2,$-0,$0,$0,$0,$0,$0,$0,$-0,$0,$0,$0,$0,$0,$0,$0,$0,$-2,$0,$0
34,2010-03-31,2.16,$0.00,0.0,$8.52,0.25,$0.43,4.99,$-0.65,0.0,$0.03B,$0.01B,2.55,$0.00B,$0.03B,0.0,$0.06B,$0.03B,54.10%,$0.06B,$-0.00B,-6.56%,$0.06B,$-0.00B,-6.56%,$0.06B,$-0.00B,-4.92%,$0.06B,$-0.01B,-9.84%,$0.06B,$-0.01B,-8.20%,$-0.01B,$0.03B,-16.13%,$-0.01B,$0.02B,-25.97%,$-0.01B,$0.04B,-11.70%,$-0.00B,$0.03B,-12.80%,$17,$8,$9,$0,$8,$17,$0,$0,$0,$0,$0,$0,$0,$1,$0,$7,7,$0.05,$0.05,$7,$0,$2,$28,$0,$0,$11,$0,$12,$42,$11,$0,$0,$1,$12,$0,$-4,$0,$30,$42,$0,$0,$0,$0,$0,$0,$0,$0,$-2,$-1,$-0,$0,$0,$0,$0,$0,$0,$-0,$0,$0,$0,$0,$0,$0,$0,$0,$-1,$0,$0
35,2009-12-31,2.38,$0.00,0.0,$8.57,0.28,$0.86,2.78,$-0.76,0.0,$0.03B,$0.01B,2.65,$0.00B,$0.03B,0.0,$0.06B,$0.03B,54.10%,$0.06B,$-0.01B,-8.20%,$0.06B,$-0.01B,-8.20%,$0.06B,$-0.00B,-6.56%,$0.06B,$-0.01B,-11.48%,$0.06B,$-0.01B,-8.20%,$-0.01B,$0.03B,-15.63%,$-0.01B,$0.02B,-25.00%,$-0.01B,$0.04B,-11.30%,$-0.01B,$0.03B,-15.50%,$14,$7,$8,$0,$9,$16,$-2,$-2,$-4,$-1,$-3,$-3,$-3,$-2,$-2,$7,7,$-0.46,$-0.46,$8,$0,$2,$27,$0,$0,$11,$0,$12,$40,$10,$0,$1,$1,$11,$0,$-4,$0,$29,$40,$-6,$2,$0,$2,$0,$0,$0,$0,$0,$2,$-0,$0,$-2,$0,$0,$0,$0,$-3,$0,$1,$0,$0,$-0,$0,$0,$1,$0,$0,$0
36,2009-09-30,2.9,$0.00,0.0,$9.22,0.31,$1.03,2.81,$-0.47,0.0,$0.03B,$0.01B,2.74,$0.00B,$0.03B,0.0,$0.07B,$0.04B,53.03%,$0.07B,$-0.00B,-6.06%,$0.07B,$-0.00B,-6.06%,$0.07B,$-0.00B,-4.55%,$0.07B,$-0.01B,-7.58%,$0.07B,$-0.00B,-4.55%,$-0.00B,$0.03B,-9.02%,$-0.00B,$0.02B,-14.46%,$-0.00B,$0.04B,-6.49%,$-0.00B,$0.03B,-11.94%,$15,$7,$8,$0,$9,$16,$-1,$-0,$-1,$-1,$-1,$-1,$-1,$-1,$-1,$7,7,$-0.12,$-0.12,$8,$0,$2,$28,$0,$0,$13,$0,$14,$43,$10,$0,$0,$1,$11,$0,$-1,$0,$32,$43,$-2,$2,$0,$2,$0,$0,$0,$0,$1,$2,$-0,$0,$-2,$0,$0,$0,$0,$-3,$0,$0,$0,$0,$0,$0,$0,$1,$-0,$0,$0
37,2009-06-30,1.99,$0.00,0.0,$9.80,0.2,$1.19,1.67,$-0.41,0.0,$0.03B,$0.01B,2.54,$0.00B,$0.03B,0.0,$0.07B,$0.04B,52.86%,$0.07B,$-0.00B,-5.71%,$0.07B,$-0.00B,-5.71%,$0.07B,$-0.00B,-2.86%,$0.07B,$-0.01B,-7.14%,$0.07B,$-0.00B,-2.86%,$-0.00B,$0.03B,-5.84%,$-0.00B,$0.02B,-9.09%,$-0.00B,$0.05B,-4.21%,$-0.00B,$0.03B,-11.68%,$15,$7,$8,$0,$9,$17,$-1,$-0,$-1,$-1,$-1,$-1,$-1,$-1,$-1,$7,7,$-0.12,$-0.12,$9,$0,$3,$30,$0,$0,$13,$0,$14,$46,$12,$0,$0,$1,$13,$0,$-0,$0,$33,$46,$-1,$1,$0,$1,$0,$0,$0,$0,$1,$1,$-0,$0,$-1,$0,$0,$0,$0,$-1,$0,$-0,$0,$0,$0,$0,$0,$0,$1,$0,$0
38,2009-03-31,1.7,$0.00,0.0,$10.14,0.17,$1.24,1.37,$-0.30,0.0,$0.03B,$0.01B,2.52,$0.00B,$0.03B,0.0,$0.07B,$0.04B,53.42%,$0.07B,$-0.00B,-4.11%,$0.07B,$-0.00B,-4.11%,$0.07B,$-0.00B,-1.37%,$0.07B,$-0.00B,-5.48%,$0.07B,$-0.00B,-1.37%,$-0.00B,$0.03B,-2.86%,$-0.00B,$0.02B,-4.30%,$-0.00B,$0.05B,-2.07%,$-0.00B,$0.03B,-8.57%,$17,$8,$9,$0,$9,$18,$-1,$0,$-1,$-0,$-0,$-0,$-0,$-0,$-1,$7,7,$-0.06,$-0.06,$10,$0,$3,$33,$0,$0,$12,$0,$13,$48,$13,$0,$0,$1,$14,$0,$1,$0,$34,$48,$-0,$1,$0,$1,$0,$0,$0,$0,$1,$2,$-0,$0,$-0,$0,$0,$0,$0,$-0,$0,$-0,$0,$0,$0,$0,$1,$1,$2,$0,$0
39,2008-12-31,1.99,$0.00,0.0,$10.22,0.19,$1.13,1.76,$-0.22,0.0,$0.03B,$0.01B,2.62,$0.00B,$0.03B,0.01,$0.07B,$0.04B,55.41%,$0.07B,$-0.00B,-2.70%,$0.07B,$-0.00B,-2.70%,$0.07B,$-0.00B,-1.35%,$0.07B,$-0.00B,-4.05%,$0.07B,$-0.00B,-1.35%,$-0.00B,$0.03B,-2.82%,$-0.00B,$0.02B,-3.85%,$-0.00B,$0.05B,-2.08%,$-0.00B,$0.03B,-5.63%,$19,$9,$10,$0,$10,$20,$-1,$-1,$-2,$-1,$-1,$-1,$-1,$-1,$-1,$7,7,$-0.17,$-0.17,$8,$0,$3,$32,$0,$0,$13,$0,$13,$48,$12,$0,$0,$1,$13,$0,$1,$0,$34,$48,$-2,$2,$0,$2,$0,$0,$0,$0,$1,$4,$-1,$0,$-10,$0,$0,$1,$-0,$-10,$0,$-1,$0,$0,$0,$0,$-0,$-1,$-7,$0,$0
40,2008-09-30,2.91,$0.00,0.0,$10.19,0.29,$0.58,5.0,$-0.01,0.0,$0.03B,$0.01B,2.9,$0.00B,$0.04B,0.01,$0.07B,$0.04B,56.76%,$0.07B,$0.01B,16.22%,$0.07B,$0.01B,16.22%,$0.07B,$0.01B,17.57%,$0.07B,$-0.00B,-1.35%,$0.07B,0,0.00%,$0.00B,$0.04B,0.00%,$0.00B,$0.02B,0.00%,$0.00B,$0.05B,0.00%,$0.01B,$0.04B,33.33%,$19,$9,$10,$0,$10,$19,$-1,$0,$-1,$-0,$-0,$-0,$-0,$-0,$-1,$7,7,$-0.06,$-0.06,$8,$0,$1,$32,$0,$0,$11,$2,$13,$48,$11,$0,$0,$1,$12,$0,$2,$0,$36,$48,$-0,$1,$0,$1,$0,$0,$0,$0,$1,$3,$-0,$0,$-10,$0,$0,$1,$0,$-9,$0,$-1,$0,$0,$0,$0,$-0,$-1,$-7,$0,$0
41,2008-06-30,4.96,$0.00,0.0,$10.33,0.48,$-0.07,0.0,$0.20,24.8,$0.03B,$0.01B,2.77,$0.00B,$0.04B,0.01,$0.08B,$0.04B,58.67%,$0.08B,$0.02B,20.00%,$0.08B,$0.02B,20.00%,$0.08B,$0.02B,20.00%,$0.08B,$0.00B,2.67%,$0.08B,$0.00B,1.33%,$0.00B,$0.04B,2.80%,$0.00B,$0.03B,3.25%,$0.00B,$0.05B,2.09%,$0.02B,$0.04B,41.96%,$18,$8,$10,$0,$10,$18,$-0,$0,$-0,$0,$-0,$-0,$-0,$0,$-0,$7,7,$-0.01,$-0.01,$8,$0,$2,$33,$0,$0,$11,$2,$13,$49,$12,$0,$0,$1,$13,$0,$3,$0,$36,$49,$0,$1,$0,$1,$0,$0,$0,$0,$1,$2,$-0,$0,$-10,$0,$0,$-0,$0,$-10,$0,$-1,$-0,$0,$0,$0,$0,$-1,$-9,$0,$0
42,2008-03-31,5.93,$0.00,0.0,$10.81,0.55,$-0.89,0.0,$0.36,16.47,$0.04B,$0.01B,4.1,$0.00B,$0.04B,0.01,$0.08B,$0.05B,60.26%,$0.08B,$0.02B,21.79%,$0.08B,$0.02B,21.79%,$0.08B,$0.02B,21.79%,$0.08B,$0.00B,5.13%,$0.08B,$0.00B,2.56%,$0.00B,$0.04B,5.67%,$0.00B,$0.03B,6.20%,$0.00B,$0.05B,4.26%,$0.02B,$0.04B,48.23%,$18,$7,$11,$0,$10,$18,$0,$0,$0,$0,$0,$0,$0,$0,$0,$7,7,$0.02,$0.02,$17,$0,$2,$40,$0,$0,$3,$1,$3,$47,$10,$0,$0,$1,$11,$0,$3,$0,$36,$47,$0,$0,$0,$0,$0,$0,$0,$0,$0,$1,$-0,$0,$0,$0,$0,$-3,$0,$-3,$0,$-0,$0,$0,$0,$0,$0,$-0,$-2,$0,$0
43,2007-12-31,6.88,$0.00,0.0,$11.02,0.62,$-1.90,0.0,$0.30,22.93,$0.04B,$0.01B,3.67,$0.00B,$0.04B,0.01,$0.08B,$0.05B,59.49%,$0.08B,$0.02B,20.25%,$0.08B,$0.02B,20.25%,$0.08B,$0.02B,20.25%,$0.08B,$0.00B,5.06%,$0.08B,$0.00B,2.53%,$0.00B,$0.04B,5.80%,$0.00B,$0.03B,6.35%,$0.00B,$0.05B,4.32%,$0.02B,$0.04B,46.38%,$19,$7,$11,$0,$-3,$6,$13,$-13,$0,$0,$0,$0,$0,$13,$13,$7,7,$0.04,$0.04,$17,$0,$2,$41,$0,$0,$3,$1,$3,$48,$11,$0,$0,$1,$13,$0,$3,$0,$36,$48,$2,$2,$0,$2,$0,$0,$0,$0,$-5,$-0,$-1,$0,$0,$0,$0,$-1,$0,$-2,$0,$0,$0,$0,$-3,$0,$0,$-3,$-5,$0,$0
44,2007-09-30,10.19,$0.00,0.0,$11.94,0.85,$-1.14,0.0,$0.04,254.75,$0.04B,$0.01B,3.75,$0.00B,$0.04B,0.01,$0.08B,$0.06B,69.62%,$0.08B,$0.02B,27.85%,$0.08B,$0.02B,27.85%,$0.08B,$0.02B,27.85%,$0.08B,$0.02B,29.11%,$0.08B,$0.00B,1.27%,$0.00B,$0.04B,2.96%,$0.00B,$0.03B,3.25%,$0.00B,$0.05B,2.06%,$0.02B,$0.04B,65.19%,$20,$8,$12,$0,$10,$18,$2,$0,$2,$1,$1,$1,$1,$2,$2,$7,7,$0.15,$0.15,$15,$0,$1,$40,$0,$0,$3,$1,$3,$47,$11,$0,$0,$1,$12,$0,$2,$0,$35,$47,$2,$1,$0,$1,$0,$0,$0,$0,$-5,$-1,$-1,$0,$0,$0,$0,$-9,$0,$-10,$0,$-1,$-0,$0,$0,$-3,$1,$-3,$-14,$0,$0
