,Date,Stock Price,Book Value per Share,Price to Book Ratio,TTM Sales per Share,Price to Sales Ratio,TTM FCF per Share,Price to FCF Ratio,TTM Net EPS,PE Ratio,Current Assets,Current Liabilities,Current Ratio,Long Term Debt,Shareholder's Equity_x,Debt to Equity Ratio,TTM Revenue_x,TTM Gross Profit,Gross Margin,TTM Revenue_y,TTM Operating Income,Operating Margin,TTM Revenue_x,TTM EBIT,EBIT Margin,TTM Revenue_y,TTM EBITDA,EBITDA Margin,TTM Revenue_x,TTM Pre-Tax Income,Pre-Tax Margin,TTM Revenue_y,TTM Net Income_x,Net Margin,TTM Net Income_y,Shareholder's Equity_y,Return on Equity,TTM Net Income_x,Tangible Equity,Return on Tangible Equity,TTM Net Income_y,Total Assets,Return on Assets,TTM Net Income,LT Investments & Debt,Return on Investment,revenue,cost-goods-sold,gross-profit,research-development-expenses,selling-general-administrative-expenses,operating-expenses,operating-income,total-non-operating-income-expense,pre-tax-income,total-provision-income-taxes,income-after-taxes,income-from-continuous-operations,net-income,ebitda,ebit,basic-shares-outstanding,shares-outstanding,eps-basic-net-earnings-per-share,eps-earnings-per-share-diluted,cash-on-hand,inventory,other-current-assets,total-current-assets,net-property-plant-equipment,long-term-investments,goodwill-intangible-assets-total,other-long-term-assets,total-long-term-assets,total-assets,total-current-liabilities,long-term-debt,other-non-current-liabilities,total-long-term-liabilities,total-liabilities,common-stock-net,retained-earnings-accumulated-deficit,comprehensive-income,total-share-holder-equity,total-liabilities-share-holders-equity,net-income-loss,total-depreciation-amortization-cash-flow,other-non-cash-items,total-non-cash-items,change-in-accounts-receivable,change-in-inventories,change-in-accounts-payable,change-in-assets-liabilities,total-change-in-assets-liabilities,cash-flow-from-operating-activities,net-change-in-property-plant-equipment,net-change-in-intangible-assets,net-acquisitions-divestitures,net-change-in-short-term-investments,net-change-in-long-term-investments,net-change-in-investments-total,investing-activities-other,cash-flow-from-investing-activities,net-long-term-debt,net-current-debt,debt-issuance-retirement-net-total,net-common-equity-issued-repurchased,net-total-equity-issued-repurchased,total-common-preferred-stock-dividends-paid,financial-activities-other,cash-flow-from-financial-activities,net-cash-flow,stock-based-compensation,common-stock-dividends-paid
0,2018-09-30,34.51,$43.45,0.79,$45.76,0.75,$-97.15,0.0,$9.01,3.83,$0.19B,$0.08B,2.45,$1.39B,$0.27B,5.14,$0.28B,$0.25B,90.68%,$0.28B,$0.04B,12.54%,$0.28B,$0.09B,33.33%,$0.28B,$0.17B,61.65%,$0.28B,$0.04B,13.62%,$0.28B,$0.07B,23.30%,$0.07B,$0.27B,24.71%,$0.07B,$0.25B,26.40%,$0.07B,$1.97B,3.67%,$0.04B,$1.66B,2.36%,$78,$6,$72,$0,$20,$65,$13,$1,$13,$4,$10,$10,$9,$52,$31,$6,6,$1.50,$1.47,$164,$24,$0,$188,$1617,$44,$16,$100,$1777,$1965,$77,$1392,$89,$1618,$1695,$0,$270,$1,$271,$1965,$25,$60,$15,$75,$-7,$-28,$0,$21,$0,$101,$-270,$0,$0,$0,$0,$0,$0,$-270,$0,$310,$310,$-14,$-14,$-2,$-7,$286,$117,$4,$0
1,2018-06-30,31.59,$41.68,0.76,$43.42,0.73,$-70.86,0.0,$9.81,3.22,$0.07B,$0.06B,1.16,$1.23B,$0.27B,4.65,$0.27B,$0.24B,89.89%,$0.27B,$0.03B,10.11%,$0.27B,$0.08B,30.34%,$0.27B,$0.16B,58.80%,$0.27B,$0.03B,12.36%,$0.27B,$0.06B,22.85%,$0.06B,$0.27B,24.47%,$0.06B,$0.25B,26.29%,$0.06B,$1.78B,3.73%,$0.03B,$1.50B,2.40%,$74,$6,$68,$0,$20,$63,$11,$0,$12,$3,$8,$8,$8,$46,$26,$6,6,$1.28,$1.26,$47,$27,$0,$74,$1568,$51,$16,$74,$1709,$1783,$64,$1233,$88,$1454,$1518,$0,$263,$1,$265,$1783,$15,$38,$11,$49,$-2,$-5,$0,$12,$8,$73,$-206,$0,$0,$0,$0,$0,$0,$-206,$0,$146,$146,$-10,$-10,$-2,$-1,$133,$-1,$3,$0
2,2018-03-31,34.28,$41.96,0.82,$42.04,0.82,$-47.81,0.0,$9.47,3.62,$0.08B,$0.07B,1.12,$1.18B,$0.26B,4.6,$0.26B,$0.23B,86.21%,$0.26B,$0.03B,9.58%,$0.26B,$0.08B,28.74%,$0.26B,$0.15B,56.70%,$0.26B,$0.03B,11.88%,$0.26B,$0.06B,22.61%,$0.06B,$0.26B,25.08%,$0.06B,$0.24B,27.16%,$0.06B,$1.73B,3.84%,$0.03B,$1.44B,3.12%,$64,$5,$59,$0,$19,$55,$9,$1,$10,$3,$7,$7,$6,$41,$22,$6,6,$1.03,$1.00,$57,$24,$0,$81,$1492,$51,$16,$84,$1643,$1725,$72,$1180,$85,$1395,$1468,$0,$255,$2,$257,$1725,$7,$19,$2,$21,$-6,$-3,$0,$12,$2,$30,$-116,$0,$0,$0,$0,$0,$3,$-112,$0,$93,$93,$0,$0,$-1,$-1,$92,$10,$1,$0
3,2017-12-31,24.97,$40.33,0.62,$44.27,0.56,$-28.25,0.0,$9.73,2.57,$0.06B,$0.06B,1.15,$1.09B,$0.26B,4.19,$0.28B,$0.23B,85.09%,$0.28B,$0.03B,10.55%,$0.28B,$0.08B,27.64%,$0.28B,$0.15B,53.82%,$0.28B,$0.04B,12.73%,$0.28B,$0.06B,22.18%,$0.06B,$0.26B,27.45%,$0.06B,$0.24B,29.94%,$0.06B,$1.60B,4.24%,$0.03B,$1.34B,5.88%,$63,$9,$54,$0,$18,$61,$2,$1,$3,$-40,$43,$43,$42,$33,$14,$6,6,$6.89,$6.72,$47,$16,$0,$64,$1369,$51,$16,$104,$1540,$1603,$55,$1085,$76,$1289,$1345,$0,$256,$0,$259,$1603,$62,$71,$-10,$61,$-3,$-2,$0,$16,$12,$135,$-340,$0,$0,$0,$2,$2,$15,$-324,$-2,$190,$188,$-3,$26,$-1,$-9,$203,$15,$4,$0
4,2017-09-30,24.59,$33.52,0.73,$42.38,0.58,$1.50,16.35,$3.37,7.3,$0.09B,$0.99B,0.09,$0.00B,$0.22B,0.0,$0.27B,$0.23B,86.14%,$0.27B,$0.03B,11.61%,$0.27B,$0.09B,32.21%,$0.27B,$0.16B,58.80%,$0.27B,$0.04B,13.86%,$0.27B,$0.02B,7.87%,$0.02B,$0.22B,10.17%,$0.02B,$0.20B,11.21%,$0.02B,$1.44B,1.53%,$0.03B,$0.22B,7.18%,$66,$7,$59,$0,$17,$61,$5,$3,$8,$3,$5,$5,$5,$37,$19,$6,6,$0.82,$0.80,$72,$18,$0,$90,$1216,$49,$18,$62,$1346,$1436,$985,$0,$70,$236,$1220,$0,$214,$-1,$216,$1436,$19,$52,$25,$77,$-0,$7,$0,$10,$16,$112,$-124,$0,$0,$0,$0,$0,$0,$-124,$-3,$37,$34,$-3,$26,$-1,$-8,$51,$40,$3,$0
5,2017-06-30,26.73,$32.52,0.82,$39.71,0.67,$5.57,4.8,$3.19,8.38,$0.08B,$0.98B,0.08,$0.00B,$0.21B,0.0,$0.25B,$0.22B,86.90%,$0.25B,$0.03B,12.70%,$0.25B,$0.08B,32.94%,$0.25B,$0.15B,61.11%,$0.25B,$0.04B,14.29%,$0.25B,$0.02B,7.94%,$0.02B,$0.21B,9.93%,$0.02B,$0.19B,10.94%,$0.02B,$1.39B,1.50%,$0.03B,$0.21B,7.50%,$68,$15,$53,$0,$16,$59,$9,$1,$10,$4,$6,$6,$6,$37,$20,$6,6,$0.94,$0.92,$55,$23,$0,$77,$1177,$46,$19,$67,$1309,$1386,$975,$0,$69,$202,$1177,$0,$209,$-1,$209,$1386,$14,$35,$19,$54,$3,$2,$0,$-3,$11,$79,$-75,$0,$0,$0,$2,$2,$0,$-73,$0,$20,$20,$-3,$-3,$-1,$-1,$16,$22,$2,$0
6,2017-03-31,22.35,$31.49,0.71,$35.97,0.62,$10.62,2.11,$2.76,8.1,$0.07B,$0.92B,0.07,$0.00B,$0.21B,0.0,$0.23B,$0.21B,91.03%,$0.23B,$0.03B,12.39%,$0.23B,$0.08B,33.76%,$0.23B,$0.15B,64.10%,$0.23B,$0.03B,13.68%,$0.23B,$0.02B,7.26%,$0.02B,$0.21B,8.58%,$0.02B,$0.19B,9.44%,$0.02B,$1.32B,1.30%,$0.03B,$0.21B,6.85%,$78,$10,$68,$0,$15,$65,$13,$2,$14,$6,$8,$8,$8,$41,$23,$6,6,$1.28,$1.25,$41,$24,$0,$66,$1111,$45,$19,$82,$1257,$1323,$921,$0,$67,$197,$1118,$0,$204,$-1,$205,$1323,$8,$18,$17,$35,$4,$1,$0,$-6,$3,$46,$-9,$0,$0,$0,$2,$2,$0,$-7,$0,$-29,$-29,$-1,$-1,$-0,$-0,$-30,$9,$1,$0
7,2016-12-31,25.58,$30.66,0.83,$30.49,0.84,$8.13,3.15,$2.02,12.66,$0.06B,$0.05B,1.28,$0.90B,$0.20B,4.59,$0.21B,$0.19B,93.72%,$0.21B,$0.02B,11.11%,$0.21B,$0.06B,30.43%,$0.21B,$0.13B,64.25%,$0.21B,$0.03B,12.08%,$0.21B,$0.01B,6.28%,$0.01B,$0.20B,6.52%,$0.01B,$0.18B,7.00%,$0.01B,$1.34B,1.00%,$0.02B,$1.10B,5.41%,$55,$6,$50,$0,$15,$52,$4,$1,$5,$2,$3,$3,$2,$42,$24,$7,7,$0.41,$0.39,$32,$25,$0,$58,$1153,$45,$20,$61,$1280,$1338,$45,$900,$72,$1097,$1142,$0,$195,$-1,$196,$1338,$14,$71,$17,$87,$-2,$-5,$0,$-6,$-11,$90,$-112,$-6,$0,$0,$-4,$-4,$0,$-122,$0,$35,$35,$-29,$-9,$0,$-5,$21,$-10,$4,$0
8,2016-09-30,23.77,$29.88,0.8,$28.96,0.82,$6.44,3.69,$2.01,11.83,$0.06B,$0.93B,0.06,$0.00B,$0.20B,0.0,$0.21B,$0.19B,92.23%,$0.21B,$0.02B,11.65%,$0.21B,$0.05B,26.21%,$0.21B,$0.12B,60.19%,$0.21B,$0.03B,12.14%,$0.21B,$0.01B,6.31%,$0.01B,$0.20B,6.41%,$0.01B,$0.18B,6.82%,$0.01B,$1.29B,1.01%,$0.02B,$0.20B,11.84%,$51,$3,$48,$0,$14,$46,$6,$1,$7,$3,$4,$4,$4,$34,$16,$6,6,$0.63,$0.62,$39,$19,$0,$58,$1135,$43,$18,$38,$1233,$1291,$931,$0,$61,$164,$1095,$0,$192,$-2,$196,$1291,$11,$52,$11,$64,$2,$1,$0,$-11,$-10,$66,$-52,$-5,$0,$0,$-4,$-4,$0,$-61,$0,$21,$21,$-25,$-25,$0,$-5,$-9,$-4,$3,$0
9,2016-06-30,22.23,$29.32,0.76,$28.23,0.79,$-0.07,0.0,$1.71,13.0,$0.08B,$0.93B,0.09,$0.00B,$0.20B,0.0,$0.21B,$0.19B,91.08%,$0.21B,$0.02B,10.33%,$0.21B,$0.05B,24.41%,$0.21B,$0.12B,57.28%,$0.21B,$0.02B,10.80%,$0.21B,$0.01B,5.63%,$0.01B,$0.20B,5.75%,$0.01B,$0.18B,5.98%,$0.01B,$1.29B,0.93%,$0.02B,$0.20B,10.54%,$50,$3,$47,$0,$12,$44,$6,$0,$6,$2,$3,$3,$3,$33,$16,$7,7,$0.50,$0.49,$60,$19,$0,$79,$1098,$44,$18,$53,$1214,$1292,$926,$0,$69,$171,$1096,$0,$188,$-0,$196,$1292,$7,$35,$7,$42,$-0,$2,$0,$-2,$-3,$47,$-7,$-5,$0,$0,$-3,$-3,$0,$-16,$0,$12,$12,$-22,$-22,$0,$-4,$-14,$17,$2,$0
10,2016-03-31,21.59,$28.29,0.76,$26.54,0.81,$-8.38,0.0,$1.16,18.61,$0.06B,$0.90B,0.07,$0.00B,$0.21B,0.0,$0.21B,$0.19B,90.82%,$0.21B,$0.02B,7.25%,$0.21B,$0.05B,21.74%,$0.21B,$0.12B,56.04%,$0.21B,$0.02B,7.73%,$0.21B,$0.01B,4.35%,$0.01B,$0.21B,4.20%,$0.01B,$0.21B,4.28%,$0.01B,$1.28B,0.70%,$0.02B,$0.21B,7.00%,$51,$2,$49,$0,$13,$44,$7,$0,$7,$3,$4,$4,$4,$24,$7,$7,7,$0.56,$0.55,$43,$19,$0,$62,$1119,$43,$1,$53,$1215,$1277,$903,$0,$66,$165,$1067,$0,$186,$-1,$210,$1277,$4,$17,$3,$20,$-2,$2,$0,$-6,$-7,$17,$8,$-5,$0,$0,$-3,$-3,$5,$5,$0,$-17,$-17,$-4,$-4,$0,$-0,$-22,$-0,$1,$0
11,2015-12-31,20.1,$27.72,0.73,$24.88,0.81,$-11.65,0.0,$0.93,21.61,$0.06B,$0.92B,0.07,$0.00B,$0.21B,0.0,$0.20B,$0.18B,90.45%,$0.20B,$0.01B,5.53%,$0.20B,$0.05B,25.63%,$0.20B,$0.12B,62.31%,$0.20B,$0.01B,6.53%,$0.20B,$0.01B,3.52%,$0.01B,$0.21B,3.23%,$0.01B,$0.20B,3.29%,$0.01B,$1.29B,0.55%,$0.01B,$0.21B,5.08%,$54,$8,$46,$0,$13,$48,$5,$0,$5,$3,$2,$2,$2,$33,$15,$8,8,$0.27,$0.26,$43,$21,$0,$64,$1129,$41,$13,$47,$1231,$1294,$918,$0,$71,$167,$1085,$0,$181,$-1,$209,$1294,$6,$74,$9,$83,$-6,$4,$0,$8,$8,$98,$-137,$-9,$0,$0,$1,$1,$6,$-140,$-2,$39,$37,$-16,$-16,$0,$-2,$20,$-22,$4,$0
12,2015-09-30,16.26,$26.55,0.61,$23.24,0.7,$-9.97,0.0,$0.52,31.27,$0.06B,$0.90B,0.07,$0.00B,$0.22B,0.0,$0.19B,$0.17B,93.55%,$0.19B,$0.01B,2.69%,$0.19B,$0.04B,23.66%,$0.19B,$0.12B,62.90%,$0.19B,$0.01B,3.76%,$0.19B,$0.01B,2.69%,$0.01B,$0.22B,2.29%,$0.01B,$0.22B,2.30%,$0.01B,$1.29B,0.39%,$0.01B,$0.22B,2.29%,$58,$6,$52,$0,$15,$54,$4,$1,$5,$2,$3,$3,$3,$32,$14,$8,8,$0.33,$0.32,$36,$23,$0,$59,$1118,$42,$1,$65,$1226,$1285,$902,$0,$70,$163,$1065,$0,$179,$-0,$220,$1285,$3,$56,$4,$60,$-8,$2,$0,$18,$4,$68,$-102,$6,$0,$0,$1,$1,$-10,$-105,$0,$12,$12,$-3,$-3,$0,$24,$34,$-4,$3,$0
13,2015-06-30,18.37,$26.51,0.69,$21.59,0.85,$-2.47,0.0,$0.32,57.41,$0.09B,$0.91B,0.1,$0.00B,$0.22B,0.0,$0.17B,$0.16B,93.68%,$0.17B,$0.00B,1.72%,$0.17B,$0.04B,23.56%,$0.17B,$0.11B,65.52%,$0.17B,$0.00B,2.30%,$0.17B,$0.00B,1.72%,$0.00B,$0.22B,1.38%,$0.00B,$0.22B,1.38%,$0.00B,$1.28B,0.24%,$0.00B,$0.22B,1.38%,$44,$3,$41,$0,$12,$45,$-1,$0,$-1,$-0,$-0,$-0,$-0,$27,$9,$8,8,$-0.06,$-0.06,$67,$19,$0,$86,$1085,$43,$1,$68,$1196,$1282,$905,$0,$68,$159,$1064,$0,$177,$0,$218,$1282,$1,$37,$-0,$37,$-5,$-0,$0,$1,$-8,$30,$-50,$6,$0,$0,$-1,$-1,$-14,$-59,$-1,$21,$20,$-2,$-2,$0,$13,$32,$3,$2,$0
14,2015-03-31,18.58,$26.43,0.7,$21.37,0.87,$3.08,6.03,$0.65,28.58,$0.08B,$0.88B,0.09,$0.00B,$0.22B,0.0,$0.17B,$0.16B,94.25%,$0.17B,$0.01B,4.02%,$0.17B,$0.05B,25.86%,$0.17B,$0.12B,66.67%,$0.17B,$0.01B,5.17%,$0.17B,$0.01B,2.87%,$0.01B,$0.22B,2.29%,$0.01B,$0.22B,2.30%,$0.01B,$1.26B,0.41%,$0.01B,$0.22B,3.21%,$43,$1,$41,$0,$12,$39,$3,$0,$4,$1,$2,$2,$2,$32,$13,$8,8,$0.29,$0.29,$61,$18,$0,$80,$1072,$43,$1,$64,$1180,$1260,$879,$0,$70,$162,$1041,$0,$177,$0,$219,$1260,$2,$19,$0,$19,$-6,$0,$0,$6,$-1,$21,$-19,$0,$0,$0,$-1,$-1,$0,$-20,$0,$2,$2,$-1,$-1,$0,$-0,$1,$2,$1,$0
15,2014-12-31,21.9,$25.98,0.84,$21.38,1.02,$4.92,4.45,$0.89,24.61,$0.08B,$0.89B,0.09,$0.00B,$0.22B,0.0,$0.17B,$0.17B,95.40%,$0.17B,$0.01B,5.75%,$0.17B,$0.05B,27.59%,$0.17B,$0.12B,66.67%,$0.17B,$0.01B,6.90%,$0.17B,$0.01B,4.02%,$0.01B,$0.22B,3.21%,$0.01B,$0.22B,3.23%,$0.01B,$1.26B,0.58%,$0.01B,$0.22B,4.59%,$41,$1,$40,$0,$12,$43,$-1,$1,$-1,$-0,$-0,$-0,$-0,$26,$8,$8,8,$-0.04,$-0.04,$65,$19,$0,$83,$1084,$42,$1,$51,$1178,$1262,$888,$0,$66,$157,$1045,$0,$175,$0,$217,$1262,$7,$69,$6,$75,$5,$-6,$0,$-16,$-19,$63,$-89,$-9,$0,$0,$-17,$-17,$6,$-109,$5,$53,$58,$-5,$-5,$0,$-6,$47,$1,$4,$0
16,2014-09-30,20.52,$26.39,0.78,$21.99,0.93,$6.04,3.4,$1.73,11.86,$0.07B,$0.81B,0.09,$0.00B,$0.22B,0.0,$0.18B,$0.17B,96.11%,$0.18B,$0.02B,11.67%,$0.18B,$0.09B,49.44%,$0.18B,$0.12B,64.44%,$0.18B,$0.02B,12.78%,$0.18B,$0.01B,7.78%,$0.01B,$0.22B,6.46%,$0.01B,$0.22B,6.50%,$0.01B,$1.19B,1.18%,$0.02B,$0.22B,9.69%,$46,$4,$41,$0,$13,$44,$2,$0,$2,$1,$1,$1,$1,$29,$11,$8,8,$0.12,$0.12,$58,$13,$0,$71,$1024,$26,$1,$64,$1116,$1187,$805,$0,$73,$164,$970,$0,$175,$0,$217,$1187,$8,$51,$5,$56,$2,$-9,$0,$-15,$-17,$47,$-21,$0,$0,$0,$-3,$-3,$7,$-17,$5,$-26,$-22,$-4,$-4,$0,$-6,$-32,$-2,$2,$0
17,2014-06-30,24.52,$26.13,0.94,$20.95,1.17,$2.08,11.76,$1.34,18.3,$0.07B,$0.80B,0.09,$0.00B,$0.22B,0.0,$0.17B,$0.17B,98.84%,$0.17B,$0.02B,9.30%,$0.17B,$0.08B,43.60%,$0.17B,$0.10B,58.14%,$0.17B,$0.02B,9.88%,$0.17B,$0.01B,6.40%,$0.01B,$0.22B,5.14%,$0.01B,$0.22B,5.17%,$0.01B,$1.18B,0.93%,$0.02B,$0.22B,7.48%,$44,$2,$42,$0,$12,$41,$3,$0,$4,$1,$2,$2,$2,$29,$13,$8,8,$0.28,$0.27,$57,$14,$0,$71,$1021,$24,$1,$62,$1108,$1179,$795,$0,$75,$165,$960,$0,$174,$0,$219,$1179,$7,$33,$5,$38,$3,$-11,$0,$-5,$-10,$35,$-10,$0,$0,$0,$0,$0,$12,$2,$3,$-34,$-31,$-1,$-1,$0,$-6,$-37,$-0,$2,$0
18,2014-03-31,20.47,$25.76,0.79,$20.15,1.02,$-6.21,0.0,$2.24,9.14,$0.07B,$0.81B,0.09,$0.00B,$0.22B,0.0,$0.17B,$0.17B,100.00%,$0.17B,$0.01B,7.23%,$0.17B,$0.06B,36.75%,$0.17B,$0.09B,51.20%,$0.17B,$0.02B,9.04%,$0.17B,$0.02B,11.45%,$0.02B,$0.22B,8.94%,$0.02B,$0.22B,8.98%,$0.02B,$1.19B,1.62%,$0.01B,$0.22B,5.65%,$43,$0,$43,$0,$11,$37,$6,$0,$7,$2,$4,$4,$4,$32,$16,$8,8,$0.55,$0.53,$69,$3,$0,$72,$1027,$24,$1,$68,$1120,$1193,$806,$0,$80,$169,$975,$0,$172,$0,$218,$1193,$4,$17,$3,$20,$-0,$-0,$0,$-6,$-5,$19,$-2,$0,$0,$0,$0,$0,$5,$3,$2,$-21,$-19,$0,$0,$0,$-0,$-19,$3,$1,$0
19,2013-12-31,17.36,$25.31,0.69,$19.09,0.91,$-15.23,0.0,$1.90,9.14,$0.07B,$0.82B,0.08,$0.00B,$0.21B,0.0,$0.16B,$0.16B,100.00%,$0.16B,$0.01B,5.70%,$0.16B,$0.05B,30.38%,$0.16B,$0.07B,44.30%,$0.16B,$0.01B,6.96%,$0.16B,$0.02B,10.76%,$0.02B,$0.21B,8.15%,$0.02B,$0.21B,8.17%,$0.02B,$1.20B,1.47%,$0.01B,$0.21B,4.32%,$47,$0,$47,$0,$12,$37,$10,$0,$10,$4,$7,$7,$7,$26,$49,$8,8,$0.82,$0.80,$64,$3,$0,$67,$1038,$23,$1,$70,$1132,$1199,$823,$0,$77,$164,$987,$0,$167,$0,$213,$1199,$16,$62,$-5,$58,$2,$0,$0,$5,$7,$80,$-98,$0,$-2,$0,$-11,$-11,$-21,$-132,$8,$59,$67,$-5,$-5,$0,$-3,$59,$7,$3,$0
20,2013-09-30,15.73,$24.31,0.65,$17.91,0.88,$-8.63,0.0,$1.00,15.73,$0.04B,$0.77B,0.05,$0.00B,$0.21B,0.0,$0.15B,$0.15B,100.00%,$0.15B,$0.00B,0.66%,$0.15B,$0.01B,6.62%,$0.15B,$0.07B,46.36%,$0.15B,$0.00B,2.65%,$0.15B,$0.01B,5.96%,$0.01B,$0.21B,4.39%,$0.01B,$0.21B,4.39%,$0.01B,$1.14B,0.80%,$0.00B,$0.21B,0.49%,$38,$0,$38,$0,$11,$41,$-3,$-0,$-4,$-1,$-2,$-2,$-2,$13,$-3,$8,8,$-0.27,$-0.27,$42,$0,$0,$42,$1021,$18,$0,$59,$1097,$1139,$773,$0,$77,$159,$933,$0,$162,$-1,$206,$1139,$9,$46,$-7,$39,$9,$0,$0,$3,$11,$59,$-66,$0,$0,$0,$-4,$-4,$-6,$-76,$6,$16,$22,$-5,$-5,$0,$-1,$16,$-1,$3,$0
21,2013-06-30,13.51,$24.00,0.56,$17.57,0.77,$-3.57,0.0,$0.37,36.51,$0.04B,$0.78B,0.05,$0.00B,$0.21B,0.0,$0.15B,$0.15B,100.00%,$0.15B,$-0.01B,-4.64%,$0.15B,$0.01B,6.62%,$0.15B,$0.07B,45.03%,$0.15B,$-0.00B,-1.99%,$0.15B,$0.00B,1.99%,$0.00B,$0.21B,1.40%,$0.00B,$0.21B,1.40%,$0.00B,$1.15B,0.27%,$-0.01B,$0.21B,-3.27%,$38,$0,$38,$0,$13,$39,$-1,$3,$2,$-8,$10,$10,$10,$14,$-1,$8,8,$1.20,$1.17,$40,$0,$0,$40,$1021,$31,$0,$54,$1106,$1146,$778,$0,$71,$155,$933,$0,$164,$-1,$213,$1146,$11,$30,$-9,$21,$5,$0,$0,$-3,$6,$39,$-82,$0,$0,$0,$-6,$-6,$-2,$-91,$5,$48,$52,$0,$0,$0,$-1,$51,$-1,$2,$0
22,2013-03-31,15.12,$23.21,0.65,$16.97,0.89,$5.89,2.57,$-0.52,0.0,$0.03B,$0.79B,0.04,$0.00B,$0.20B,0.0,$0.15B,$0.15B,100.00%,$0.15B,$-0.00B,-0.68%,$0.15B,$0.02B,15.54%,$0.15B,$0.08B,53.38%,$0.15B,$0.00B,0.00%,$0.15B,$-0.01B,-3.38%,$-0.01B,$0.20B,-2.25%,$-0.01B,$0.20B,-2.25%,$-0.01B,$1.15B,-0.45%,$-0.00B,$0.20B,-0.45%,$35,$0,$35,$0,$10,$33,$3,$0,$3,$1,$2,$2,$2,$17,$3,$8,8,$0.20,$0.19,$34,$0,$0,$34,$1025,$28,$0,$61,$1114,$1148,$787,$0,$68,$160,$946,$0,$155,$-1,$202,$1148,$2,$15,$1,$16,$3,$0,$0,$-2,$1,$19,$-76,$0,$0,$0,$-6,$-6,$-2,$-85,$3,$60,$63,$-0,$-0,$0,$-1,$62,$-4,$1,$0
23,2012-12-31,14.31,$22.85,0.63,$16.79,0.85,$14.80,0.97,$-0.42,0.0,$0.03B,$0.72B,0.04,$0.00B,$0.20B,0.0,$0.15B,$0.15B,100.00%,$0.15B,$0.00B,0.67%,$0.15B,$0.03B,22.15%,$0.15B,$0.09B,59.06%,$0.15B,$0.00B,1.34%,$0.15B,$-0.00B,-2.68%,$-0.00B,$0.20B,-1.73%,$-0.00B,$0.20B,-1.73%,$-0.00B,$1.08B,-0.36%,$0.00B,$0.20B,0.43%,$40,$0,$40,$0,$12,$38,$2,$1,$3,$1,$2,$2,$-1,$26,$11,$8,9,$-0.12,$-0.10,$30,$0,$0,$30,$967,$22,$0,$59,$1049,$1079,$724,$0,$65,$156,$880,$0,$152,$-1,$199,$1079,$2,$57,$9,$66,$-5,$0,$0,$11,$0,$67,$-28,$0,$0,$0,$-6,$-6,$2,$-32,$0,$-23,$-23,$-11,$-46,$-2,$35,$-36,$-1,$3,$0
24,2012-09-30,12.34,$26.02,0.47,$16.52,0.75,$15.09,0.82,0,0.0,$0.07B,$0.71B,0.1,$0.00B,$0.21B,0.0,$0.15B,$0.15B,100.00%,$0.15B,$0.04B,25.17%,$0.15B,$0.03B,22.45%,$0.15B,$0.11B,77.55%,$0.15B,$0.00B,2.04%,$0.15B,0,0.00%,$0.00B,$0.24B,0.00%,$0.00B,$0.24B,0.00%,$0.00B,$1.11B,0.00%,$0.04B,$0.24B,15.40%,$38,$0,$38,$0,$9,$49,$-11,$0,$-11,$-3,$-7,$-7,$-8,$11,$-3,$9,9,$-0.92,$-0.90,$71,$0,$0,$71,$983,$20,$0,$37,$1039,$1111,$714,$0,$65,$154,$868,$0,$154,$-1,$243,$1111,$-1,$42,$5,$47,$-0,$0,$0,$13,$7,$54,$-16,$0,$0,$0,$0,$0,$-2,$-18,$0,$-30,$-30,$-1,$-1,$-2,$8,$-25,$11,$2,$0
25,2012-06-30,12.32,$26.04,0.47,$16.78,0.73,$19.07,0.65,$1.07,11.51,$0.09B,$0.71B,0.13,$0.00B,$0.21B,0.0,$0.15B,$0.15B,100.00%,$0.15B,$0.05B,36.49%,$0.15B,$0.05B,34.46%,$0.15B,$0.13B,89.19%,$0.15B,$0.02B,13.51%,$0.15B,$0.01B,6.76%,$0.01B,$0.24B,4.21%,$0.01B,$0.24B,4.21%,$0.01B,$1.12B,0.89%,$0.05B,$0.24B,22.74%,$35,$0,$35,$0,$11,$30,$5,$0,$5,$2,$3,$3,$2,$25,$12,$9,9,$0.29,$0.28,$89,$0,$0,$89,$977,$18,$0,$32,$1027,$1117,$712,$0,$73,$161,$873,$0,$162,$-8,$243,$1117,$7,$27,$1,$28,$-0,$0,$0,$1,$-1,$34,$3,$0,$0,$0,$-3,$-3,$-1,$-1,$0,$-32,$-32,$-1,$-1,$-2,$-0,$-35,$-2,$2,$0
26,2012-03-31,13.01,$25.90,0.5,$17.21,0.76,$13.33,0.98,$1.10,11.83,$0.09B,$0.73B,0.13,$0.00B,$0.21B,0.0,$0.15B,$0.15B,100.00%,$0.15B,$0.06B,36.18%,$0.15B,$0.05B,34.87%,$0.15B,$0.14B,89.47%,$0.15B,$0.02B,13.82%,$0.15B,$0.01B,7.24%,$0.01B,$0.24B,4.69%,$0.01B,$0.24B,4.69%,$0.01B,$1.13B,0.97%,$0.06B,$0.24B,21.83%,$36,$0,$36,$0,$10,$31,$5,$0,$5,$2,$3,$3,$3,$26,$13,$8,9,$0.30,$0.29,$92,$0,$0,$92,$982,$17,$0,$35,$1035,$1127,$732,$0,$70,$156,$888,$0,$159,$-9,$238,$1127,$3,$14,$0,$14,$1,$0,$0,$-9,$-9,$8,$9,$0,$0,$0,$-2,$-2,$0,$7,$0,$-13,$-13,$-2,$-2,$-1,$-0,$-16,$-1,$1,$0
27,2011-12-31,11.95,$25.98,0.46,$17.63,0.68,$10.59,1.13,$1.28,9.34,$0.08B,$0.75B,0.11,$0.00B,$0.21B,0.0,$0.16B,$0.16B,100.00%,$0.16B,$0.06B,36.94%,$0.16B,$0.06B,36.31%,$0.16B,$0.14B,90.45%,$0.16B,$0.02B,15.29%,$0.16B,$0.01B,7.64%,$0.01B,$0.24B,5.17%,$0.01B,$0.24B,5.17%,$0.01B,$1.13B,1.05%,$0.06B,$0.24B,23.22%,$38,$0,$38,$0,$12,$-1,$38,$-35,$4,$0,$4,$4,$3,$52,$11,$8,9,$0.35,$0.33,$83,$0,$0,$83,$988,$15,$0,$46,$1051,$1133,$745,$0,$67,$152,$897,$0,$157,$-9,$237,$1133,$15,$57,$3,$59,$0,$0,$0,$3,$3,$77,$-34,$0,$0,$0,$-9,$-9,$-2,$-45,$0,$-14,$-14,$-5,$-5,$-3,$-5,$-27,$4,$3,$0
28,2011-09-30,11.29,$25.35,0.45,$17.67,0.64,$5.67,1.99,$1.30,8.68,$0.09B,$0.71B,0.12,$0.00B,$0.20B,0.0,$0.16B,$0.16B,100.00%,$0.16B,$0.03B,16.35%,$0.16B,$0.06B,38.99%,$0.16B,$0.12B,76.10%,$0.16B,$0.03B,16.98%,$0.16B,$0.01B,7.55%,$0.01B,$0.23B,5.22%,$0.01B,$0.23B,5.22%,$0.01B,$1.10B,1.05%,$0.03B,$0.23B,10.52%,$39,$0,$39,$0,$10,$34,$6,$0,$6,$4,$2,$2,$2,$29,$15,$8,9,$0.18,$0.17,$86,$0,$0,$86,$968,$15,$0,$26,$1009,$1095,$711,$0,$68,$152,$863,$0,$154,$-11,$232,$1095,$11,$43,$1,$44,$2,$0,$0,$4,$1,$56,$16,$0,$0,$0,$-9,$-9,$-3,$4,$0,$-48,$-48,$-5,$-5,$-2,$-1,$-56,$4,$2,$0
29,2011-06-30,13.4,$25.80,0.52,$17.62,0.76,$0.18,75.83,$1.38,9.71,$0.12B,$0.74B,0.16,$0.07B,$0.20B,0.35,$0.16B,$0.16B,100.00%,$0.16B,$0.03B,15.63%,$0.16B,$0.06B,38.75%,$0.16B,$0.12B,76.88%,$0.16B,$0.03B,16.25%,$0.16B,$0.01B,7.50%,$0.01B,$0.23B,5.29%,$0.01B,$0.23B,5.29%,$0.01B,$1.19B,1.06%,$0.03B,$0.30B,10.22%,$39,$0,$39,$0,$11,$33,$6,$0,$6,$2,$3,$3,$3,$29,$14,$8,9,$0.32,$0.31,$115,$0,$0,$115,$1020,$18,$0,$37,$1076,$1191,$741,$70,$68,$219,$960,$0,$152,$-10,$231,$1191,$9,$29,$-1,$28,$1,$0,$0,$-9,$-11,$26,$-39,$0,$0,$0,$-8,$-8,$-17,$-65,$0,$52,$52,$-5,$-5,$-2,$-1,$45,$6,$1,$0
30,2011-03-31,12.64,$25.94,0.49,$16.76,0.75,$2.95,4.29,$1.19,10.62,$0.10B,$0.77B,0.13,$0.00B,$0.20B,0.0,$0.15B,$0.15B,100.00%,$0.15B,$0.02B,14.29%,$0.15B,$0.06B,39.61%,$0.15B,$0.12B,78.57%,$0.15B,$0.02B,14.94%,$0.15B,$0.01B,6.49%,$0.01B,$0.23B,4.45%,$0.01B,$0.23B,4.45%,$0.01B,$1.15B,0.90%,$0.02B,$0.23B,9.80%,$41,$0,$41,$0,$11,$33,$8,$0,$8,$3,$5,$5,$4,$32,$17,$9,9,$0.50,$0.47,$98,$0,$0,$98,$1006,$10,$0,$30,$1047,$1145,$773,$0,$63,$143,$916,$0,$150,$-9,$229,$1145,$5,$15,$-2,$13,$3,$0,$0,$-19,$-19,$-1,$-7,$0,$0,$0,$0,$0,$-1,$-7,$0,$15,$15,$-5,$-5,$-1,$-1,$9,$1,$1,$0
31,2010-12-31,13.03,$24.72,0.53,$16.09,0.81,$5.06,2.57,$0.96,13.57,$0.08B,$0.76B,0.1,$0.00B,$0.20B,0.0,$0.15B,$0.15B,100.00%,$0.15B,$0.02B,12.75%,$0.15B,$0.06B,39.60%,$0.15B,$0.12B,79.19%,$0.15B,$0.02B,13.42%,$0.15B,$0.01B,5.37%,$0.01B,$0.23B,3.59%,$0.01B,$0.23B,3.59%,$0.01B,$1.13B,0.73%,$0.02B,$0.23B,8.53%,$40,$0,$40,$0,$11,$33,$6,$0,$7,$3,$4,$4,$3,$31,$16,$9,9,$0.37,$0.35,$79,$0,$0,$79,$1005,$9,$0,$32,$1047,$1126,$759,$0,$65,$140,$899,$0,$145,$-10,$227,$1126,$12,$58,$3,$60,$-3,$0,$0,$-17,$-16,$57,$-58,$0,$0,$0,$0,$0,$4,$-55,$0,$5,$5,$-3,$-3,$-3,$-1,$-2,$0,$3,$0
32,2010-09-30,10.06,$23.59,0.43,$16.13,0.62,$-4.24,0.0,$0.64,15.72,$0.10B,$0.73B,0.14,$0.00B,$0.19B,0.0,$0.15B,$0.15B,100.00%,$0.15B,$0.02B,12.16%,$0.15B,$0.06B,39.19%,$0.15B,$0.12B,77.70%,$0.15B,$0.02B,12.16%,$0.15B,$0.01B,3.38%,$0.01B,$0.22B,2.26%,$0.01B,$0.22B,2.26%,$0.01B,$1.09B,0.46%,$0.02B,$0.22B,8.14%,$40,$0,$40,$0,$9,$35,$5,$0,$5,$2,$3,$3,$2,$31,$15,$9,9,$0.27,$0.25,$98,$0,$0,$98,$948,$11,$0,$28,$988,$1085,$725,$0,$70,$139,$864,$0,$142,$-15,$221,$1085,$8,$43,$2,$45,$0,$0,$0,$-36,$-35,$18,$7,$0,$0,$0,$0,$0,$0,$7,$0,$-21,$-21,$-1,$-1,$-2,$0,$-25,$-0,$2,$0
33,2010-06-30,9.22,$23.43,0.39,$16.47,0.56,$-11.46,0.0,$1.33,6.93,$0.07B,$0.74B,0.1,$0.00B,$0.19B,0.0,$0.15B,$0.15B,100.00%,$0.15B,$0.02B,15.79%,$0.15B,$0.06B,41.45%,$0.15B,$0.12B,76.97%,$0.15B,$0.02B,15.79%,$0.15B,$0.01B,7.89%,$0.01B,$0.22B,5.45%,$0.01B,$0.22B,5.45%,$0.01B,$1.10B,1.10%,$0.02B,$0.22B,10.90%,$33,$0,$33,$0,$8,$30,$3,$0,$3,$1,$2,$2,$1,$27,$13,$9,9,$0.13,$0.12,$72,$0,$0,$72,$978,$11,$0,$33,$1023,$1095,$737,$0,$68,$137,$874,$0,$140,$-13,$221,$1095,$5,$28,$2,$29,$-1,$0,$0,$-7,$-9,$25,$-14,$0,$0,$0,$0,$0,$0,$-14,$0,$-10,$-10,$0,$0,$-2,$-0,$-12,$-0,$1,$0
34,2010-03-31,15.78,$24.05,0.66,$16.63,0.95,$-14.93,0.0,$1.68,9.39,$0.07B,$0.74B,0.09,$0.00B,$0.19B,0.0,$0.15B,$0.15B,100.00%,$0.15B,$0.03B,19.08%,$0.15B,$0.07B,44.08%,$0.15B,$0.12B,77.63%,$0.15B,$0.03B,19.08%,$0.15B,$0.02B,9.87%,$0.02B,$0.22B,6.88%,$0.02B,$0.22B,6.88%,$0.02B,$1.09B,1.37%,$0.03B,$0.22B,13.30%,$36,$0,$36,$0,$9,$31,$5,$0,$5,$2,$3,$3,$2,$29,$15,$9,9,$0.26,$0.24,$70,$0,$0,$70,$975,$11,$0,$35,$1022,$1092,$737,$0,$63,$133,$870,$0,$139,$-10,$222,$1092,$3,$14,$-0,$14,$1,$0,$0,$-5,$-5,$12,$-0,$0,$0,$0,$0,$0,$-0,$-0,$0,$-11,$-11,$0,$0,$-1,$-0,$-12,$-0,$1,$0
35,2009-12-31,15.0,$24.05,0.62,$16.74,0.9,$-15.29,0.0,$2.16,6.94,$0.06B,$0.75B,0.08,$0.00B,$0.19B,0.0,$0.15B,$0.15B,100.00%,$0.15B,$0.03B,21.19%,$0.15B,$0.07B,45.70%,$0.15B,$0.12B,77.48%,$0.15B,$0.03B,21.19%,$0.15B,$0.02B,12.58%,$0.02B,$0.22B,8.94%,$0.02B,$0.22B,8.94%,$0.02B,$1.10B,1.78%,$0.03B,$0.22B,15.06%,$39,$0,$39,$0,$9,$34,$5,$0,$5,$4,$1,$1,$0,$28,$15,$8,9,$0.06,$0.03,$62,$0,$0,$62,$984,$11,$0,$40,$1036,$1098,$749,$0,$58,$127,$877,$0,$136,$-8,$221,$1098,$22,$50,$13,$63,$2,$0,$0,$4,$3,$88,$-173,$0,$0,$0,$0,$0,$0,$-173,$0,$85,$85,$1,$1,$-3,$-5,$78,$-7,$2,$0
36,2009-09-30,13.67,$23.62,0.58,$16.69,0.82,$-15.38,0.0,$2.54,5.38,$0.11B,$0.74B,0.14,$0.00B,$0.19B,0.0,$0.15B,$0.15B,100.00%,$0.15B,$0.03B,22.82%,$0.15B,$0.07B,47.65%,$0.15B,$0.12B,78.52%,$0.15B,$0.03B,22.82%,$0.15B,$0.02B,15.44%,$0.02B,$0.22B,11.21%,$0.02B,$0.22B,11.21%,$0.02B,$1.09B,2.21%,$0.03B,$0.22B,16.57%,$44,$0,$44,$0,$10,$33,$11,$0,$11,$2,$9,$9,$9,$33,$20,$9,9,$1.00,$0.93,$106,$0,$0,$106,$928,$11,$0,$48,$987,$1093,$743,$0,$69,$132,$876,$0,$136,$-11,$217,$1093,$21,$36,$7,$43,$-1,$0,$0,$1,$6,$71,$-112,$0,$0,$0,$1,$1,$-3,$-114,$0,$73,$73,$0,$0,$-2,$0,$71,$27,$2,$0
37,2009-06-30,13.12,$23.13,0.57,$17.17,0.76,$-12.89,0.0,$2.73,4.81,$0.12B,$0.74B,0.16,$0.00B,$0.18B,0.0,$0.15B,$0.15B,100.00%,$0.15B,$0.04B,26.49%,$0.15B,$0.08B,51.66%,$0.15B,$0.12B,80.79%,$0.15B,$0.04B,26.49%,$0.15B,$0.02B,15.89%,$0.02B,$0.21B,11.99%,$0.02B,$0.21B,11.99%,$0.02B,$1.09B,2.39%,$0.04B,$0.21B,19.98%,$33,$0,$33,$0,$8,$26,$8,$0,$8,$3,$5,$5,$4,$28,$17,$8,9,$0.50,$0.47,$121,$0,$0,$121,$902,$10,$0,$51,$964,$1085,$735,$0,$74,$138,$873,$0,$128,$-7,$212,$1085,$12,$23,$3,$26,$-2,$0,$0,$10,$7,$45,$-65,$0,$0,$0,$0,$0,$-19,$-84,$0,$71,$71,$0,$0,$-2,$-0,$70,$30,$1,$0
38,2009-03-31,10.58,$22.07,0.48,$17.73,0.6,$-15.64,0.0,$2.90,3.65,$0.09B,$0.67B,0.13,$0.00B,$0.17B,0.0,$0.16B,$0.16B,100.00%,$0.16B,$0.04B,27.10%,$0.16B,$0.08B,52.26%,$0.16B,$0.13B,80.65%,$0.16B,$0.04B,27.10%,$0.16B,$0.03B,16.77%,$0.03B,$0.20B,13.42%,$0.03B,$0.20B,13.42%,$0.03B,$1.00B,2.70%,$0.04B,$0.20B,21.68%,$35,$0,$35,$0,$7,$27,$8,$0,$8,$1,$7,$7,$6,$28,$17,$8,9,$0.74,$0.71,$90,$0,$0,$90,$861,$10,$0,$40,$911,$1001,$673,$0,$70,$128,$801,$0,$123,$-14,$200,$1001,$7,$12,$1,$13,$-0,$0,$0,$2,$3,$22,$-14,$0,$0,$0,$0,$0,$-3,$-17,$0,$7,$7,$0,$0,$-1,$-0,$6,$11,$1,$0
39,2008-12-31,9.27,$21.17,0.44,$17.46,0.53,$-20.09,0.0,$2.67,3.47,$0.08B,$0.66B,0.12,$0.00B,$0.16B,0.0,$0.15B,$0.15B,100.00%,$0.15B,$0.04B,27.63%,$0.15B,$0.08B,54.61%,$0.15B,$0.13B,82.24%,$0.15B,$0.04B,27.63%,$0.15B,$0.02B,15.79%,$0.02B,$0.19B,12.80%,$0.02B,$0.19B,12.80%,$0.02B,$0.98B,2.56%,$0.04B,$0.19B,22.40%,$37,$0,$37,$0,$8,$31,$7,$0,$7,$2,$4,$4,$4,$28,$17,$8,9,$0.43,$0.40,$78,$0,$0,$78,$837,$10,$0,$57,$905,$983,$664,$0,$70,$126,$791,$0,$117,$-15,$192,$983,$27,$43,$8,$50,$-3,$0,$0,$-23,$-25,$52,$-136,$0,$0,$0,$0,$0,$18,$-118,$0,$73,$73,$0,$0,$-3,$-3,$67,$1,$2,$0
40,2008-09-30,11.17,$22.30,0.5,$17.14,0.65,$-23.16,0.0,$2.74,4.08,$0.11B,$0.64B,0.17,$0.00B,$0.17B,0.0,$0.15B,$0.15B,100.00%,$0.15B,$0.04B,28.67%,$0.15B,$0.09B,56.67%,$0.15B,$0.13B,84.00%,$0.15B,$0.04B,28.67%,$0.15B,$0.02B,16.00%,$0.02B,$0.20B,13.10%,$0.02B,$0.20B,13.10%,$0.02B,$0.95B,2.64%,$0.04B,$0.20B,23.47%,$46,$0,$46,$0,$9,$29,$17,$0,$17,$6,$11,$11,$10,$38,$27,$8,9,$1.20,$1.14,$107,$0,$0,$107,$774,$10,$0,$58,$843,$950,$637,$0,$58,$117,$754,$0,$114,$-7,$197,$950,$22,$32,$3,$34,$-3,$0,$0,$-15,$-19,$38,$-55,$0,$0,$0,$0,$0,$-29,$-84,$0,$45,$45,$1,$1,$-2,$-3,$40,$-6,$1,$0
41,2008-06-30,10.68,$21.47,0.5,$15.30,0.7,$-30.68,0.0,$1.95,5.48,$0.07B,$0.62B,0.11,$0.00B,$0.15B,0.0,$0.13B,$0.13B,100.00%,$0.13B,$0.03B,23.88%,$0.13B,$0.08B,55.97%,$0.13B,$0.11B,85.07%,$0.13B,$0.03B,23.88%,$0.13B,$0.02B,12.69%,$0.02B,$0.19B,9.59%,$0.02B,$0.19B,9.59%,$0.02B,$0.92B,1.93%,$0.03B,$0.19B,18.05%,$37,$0,$37,$0,$7,$27,$10,$0,$10,$4,$6,$6,$6,$31,$20,$8,9,$0.69,$0.65,$66,$0,$0,$66,$794,$10,$0,$50,$855,$921,$621,$0,$60,$113,$734,$0,$104,$-6,$186,$921,$12,$20,$7,$28,$-1,$0,$0,$-10,$-15,$24,$-67,$0,$0,$0,$0,$0,$11,$-57,$0,$32,$32,$0,$0,$-2,$-3,$27,$-6,$1,$0
42,2008-03-31,12.57,$20.23,0.62,$14.62,0.86,$-30.10,0.0,$1.73,7.27,$0.06B,$0.61B,0.1,$0.00B,$0.14B,0.0,$0.13B,$0.13B,100.00%,$0.13B,$0.03B,22.66%,$0.13B,$0.07B,56.25%,$0.13B,$0.11B,85.16%,$0.13B,$0.03B,22.66%,$0.13B,$0.02B,11.72%,$0.02B,$0.18B,8.61%,$0.02B,$0.18B,8.61%,$0.02B,$0.90B,1.78%,$0.03B,$0.18B,16.64%,$32,$0,$32,$0,$6,$24,$8,$0,$8,$3,$5,$5,$4,$28,$19,$8,9,$0.53,$0.49,$61,$0,$0,$61,$773,$10,$0,$57,$840,$901,$611,$0,$67,$114,$726,$0,$98,$-11,$175,$901,$5,$10,$3,$13,$-1,$0,$0,$-5,$-7,$11,$-42,$0,$0,$0,$0,$0,$11,$-30,$0,$18,$18,$0,$0,$-1,$-3,$15,$-5,$0,$0
43,2007-12-31,12.54,$20.71,0.61,$14.11,0.89,$-29.01,0.0,$1.66,7.55,$0.07B,$0.59B,0.12,$0.00B,$0.14B,0.0,$0.12B,$0.12B,100.00%,$0.12B,$0.03B,22.76%,$0.12B,$0.07B,56.10%,$0.12B,$0.11B,85.37%,$0.12B,$0.03B,22.76%,$0.12B,$0.02B,12.20%,$0.02B,$0.18B,8.71%,$0.02B,$0.18B,8.71%,$0.02B,$0.87B,1.86%,$0.03B,$0.18B,16.26%,$35,$0,$35,$0,$6,$27,$8,$0,$8,$3,$5,$5,$4,$29,$19,$8,9,$0.54,$0.48,$72,$0,$0,$72,$752,$10,$0,$34,$796,$869,$590,$0,$57,$104,$694,$0,$94,$-7,$175,$869,$18,$35,$9,$44,$-1,$0,$0,$-1,$-7,$55,$-165,$0,$0,$0,$1,$1,$-0,$-164,$0,$101,$101,$1,$1,$-3,$17,$116,$7,$1,$0
44,2007-09-30,14.84,$21.09,0.7,$12.42,1.19,$-23.37,0.0,$1.51,9.83,$0.08B,$0.56B,0.14,$0.00B,$0.14B,0.0,$0.11B,$0.11B,100.00%,$0.11B,$0.02B,15.45%,$0.11B,$0.06B,50.91%,$0.11B,$0.09B,81.82%,$0.11B,$0.02B,15.45%,$0.11B,$0.01B,8.18%,$0.01B,$0.17B,5.31%,$0.01B,$0.17B,5.31%,$0.01B,$0.83B,1.17%,$0.02B,$0.17B,10.03%,$30,$0,$30,$0,$5,$24,$6,$0,$6,$2,$4,$4,$3,$26,$17,$8,9,$0.36,$0.34,$77,$0,$0,$77,$707,$10,$0,$32,$749,$825,$559,$0,$47,$94,$652,$0,$89,$-4,$173,$825,$13,$25,$10,$35,$-1,$0,$0,$-13,$-19,$28,$-112,$0,$0,$0,$1,$1,$14,$-97,$0,$71,$71,$1,$1,$-2,$-0,$69,$0,$0,$0
45,2007-06-30,11.62,$21.32,0.54,$12.07,0.96,$-19.80,0.0,$1.26,9.22,$0.08B,$0.52B,0.16,$0.00B,$0.14B,0.0,$0.11B,$0.11B,100.00%,$0.11B,$0.02B,20.00%,$0.11B,$0.06B,53.64%,$0.11B,$0.09B,82.73%,$0.11B,$0.02B,20.00%,$0.11B,$0.01B,10.91%,$0.01B,$0.17B,7.27%,$0.01B,$0.17B,7.27%,$0.01B,$0.78B,1.62%,$0.02B,$0.17B,13.33%,$31,$0,$31,$0,$6,$24,$7,$0,$7,$3,$4,$4,$4,$26,$17,$8,9,$0.44,$0.42,$80,$0,$0,$80,$651,$10,$0,$37,$698,$779,$519,$0,$40,$87,$605,$0,$86,$0,$174,$779,$9,$16,$6,$22,$1,$0,$0,$-9,$-15,$16,$-54,$0,$0,$0,$1,$1,$11,$-42,$0,$30,$30,$1,$1,$-2,$0,$29,$3,$0,$0
46,2007-03-31,10.31,$20.73,0.5,$10.64,0.97,$-20.07,0.0,$0.87,11.85,$0.07B,$0.50B,0.14,$0.00B,$0.14B,0.0,$0.10B,$0.10B,100.00%,$0.10B,$0.02B,17.00%,$0.10B,$0.05B,53.00%,$0.10B,$0.08B,84.00%,$0.10B,$0.02B,17.00%,$0.10B,$0.01B,9.00%,$0.01B,$0.17B,5.61%,$0.01B,$0.17B,5.61%,$0.01B,$0.75B,1.25%,$0.02B,$0.17B,10.59%,$27,$0,$27,$0,$6,$20,$7,$0,$7,$3,$4,$4,$4,$24,$16,$8,9,$0.45,$0.42,$68,$0,$0,$68,$636,$10,$0,$34,$680,$748,$498,$0,$41,$83,$581,$0,$83,$-2,$167,$748,$4,$7,$3,$10,$1,$0,$0,$-1,$-2,$12,$-33,$0,$0,$0,$0,$0,$14,$-18,$0,$8,$8,$0,$0,$-1,$0,$7,$1,$0,$0
47,2006-12-31,10.32,$20.47,0.5,$10.99,0.94,$-19.52,0.0,$0.45,22.93,$0.07B,$0.49B,0.15,$0.00B,$0.13B,0.0,$0.11B,$0.11B,100.00%,$0.11B,$0.03B,24.30%,$0.11B,$0.06B,57.01%,$0.11B,$0.09B,85.98%,$0.11B,$0.03B,25.23%,$0.11B,$0.02B,14.02%,$0.02B,$0.16B,9.54%,$0.02B,$0.16B,9.54%,$0.02B,$0.73B,2.15%,$0.03B,$0.16B,16.53%,$22,$0,$22,$0,$7,$25,$-3,$0,$-3,$-2,$-1,$-1,$-2,$14,$6,$9,10,$-0.21,$-0.19,$73,$0,$0,$73,$610,$11,$0,$37,$657,$730,$489,$0,$37,$77,$566,$0,$79,$-1,$164,$730,$18,$30,$8,$38,$-0,$0,$0,$-7,$0,$57,$-124,$0,$0,$0,$0,$0,$-14,$-138,$0,$57,$57,$-11,$21,$-3,$-1,$75,$-6,$1,$0
