,Date,Stock Price,Book Value per Share,Price to Book Ratio,TTM Sales per Share,Price to Sales Ratio,TTM FCF per Share,Price to FCF Ratio,TTM Net EPS,PE Ratio,Current Assets,Current Liabilities,Current Ratio,Long Term Debt,Shareholder's Equity_x,Debt to Equity Ratio,TTM Revenue_x,TTM Gross Profit,Gross Margin,TTM Revenue_y,TTM Operating Income,Operating Margin,TTM Revenue_x,TTM EBIT,EBIT Margin,TTM Revenue_y,TTM EBITDA,EBITDA Margin,TTM Revenue_x,TTM Pre-Tax Income,Pre-Tax Margin,TTM Revenue_y,TTM Net Income_x,Net Margin,TTM Net Income_y,Shareholder's Equity_y,Return on Equity,TTM Net Income_x,Tangible Equity,Return on Tangible Equity,TTM Net Income_y,Total Assets,Return on Assets,TTM Net Income,LT Investments & Debt,Return on Investment,revenue,cost-goods-sold,gross-profit,research-development-expenses,selling-general-administrative-expenses,operating-expenses,operating-income,total-non-operating-income-expense,pre-tax-income,total-provision-income-taxes,income-after-taxes,income-from-continuous-operations,net-income,ebitda,ebit,basic-shares-outstanding,shares-outstanding,eps-basic-net-earnings-per-share,eps-earnings-per-share-diluted,cash-on-hand,inventory,other-current-assets,total-current-assets,net-property-plant-equipment,long-term-investments,goodwill-intangible-assets-total,other-long-term-assets,total-long-term-assets,total-assets,total-current-liabilities,long-term-debt,other-non-current-liabilities,total-long-term-liabilities,total-liabilities,common-stock-net,retained-earnings-accumulated-deficit,comprehensive-income,total-share-holder-equity,total-liabilities-share-holders-equity,net-income-loss,total-depreciation-amortization-cash-flow,other-non-cash-items,total-non-cash-items,change-in-accounts-receivable,change-in-inventories,change-in-accounts-payable,change-in-assets-liabilities,total-change-in-assets-liabilities,cash-flow-from-operating-activities,net-change-in-property-plant-equipment,net-change-in-intangible-assets,net-acquisitions-divestitures,net-change-in-short-term-investments,net-change-in-long-term-investments,net-change-in-investments-total,investing-activities-other,cash-flow-from-investing-activities,net-long-term-debt,net-current-debt,debt-issuance-retirement-net-total,net-common-equity-issued-repurchased,net-total-equity-issued-repurchased,total-common-preferred-stock-dividends-paid,financial-activities-other,cash-flow-from-financial-activities,net-cash-flow,stock-based-compensation,common-stock-dividends-paid
0,2018-09-30,15.89,$26.43,0.6,$52.27,0.3,$-1.73,0.0,$1.76,9.03,$2.71B,$0.43B,6.3,$1.52B,$1.00B,1.52,$2.05B,$0.37B,18.18%,$2.05B,$0.15B,7.12%,$2.05B,$0.15B,7.12%,$2.05B,$0.15B,7.46%,$2.05B,$0.15B,7.46%,$2.05B,$0.07B,3.36%,$0.07B,$1.00B,7.47%,$0.07B,$0.86B,8.67%,$0.07B,$2.94B,2.63%,$0.15B,$2.51B,6.50%,$535,$437,$97,$0,$59,$497,$38,$3,$41,$9,$32,$32,$27,$40,$38,$38,39,$0.70,$0.68,$51,$2647,$0,$2709,$0,$5,$141,$41,$235,$2944,$430,$1516,$0,$1516,$1946,$0,$383,$0,$998,$2944,$72,$6,$10,$16,$1,$0,$27,$-304,$-273,$-185,$-8,$0,$-475,$0,$0,$0,$0,$-483,$269,$220,$489,$-11,$-11,$0,$58,$536,$-132,$8,$0
1,2018-06-30,23.2,$25.83,0.9,$51.32,0.45,$2.53,9.17,$1.79,12.96,$2.65B,$0.46B,5.77,$1.44B,$0.98B,1.47,$2.01B,$0.37B,18.19%,$2.01B,$0.15B,7.52%,$2.01B,$0.15B,7.52%,$2.01B,$0.16B,7.82%,$2.01B,$0.16B,7.77%,$2.01B,$0.07B,3.44%,$0.07B,$0.98B,7.84%,$0.07B,$0.84B,9.01%,$0.07B,$2.88B,2.86%,$0.15B,$2.42B,7.20%,$519,$427,$93,$0,$57,$485,$34,$1,$35,$8,$27,$27,$22,$36,$34,$38,40,$0.59,$0.57,$49,$2579,$0,$2646,$0,$6,$142,$38,$232,$2878,$459,$1439,$0,$1439,$1897,$0,$357,$0,$981,$2878,$40,$4,$9,$13,$-2,$0,$21,$-201,$-183,$-130,$-6,$0,$-475,$0,$0,$0,$0,$-481,$267,$145,$412,$-6,$-6,$0,$72,$478,$-134,$5,$0
2,2018-03-31,27.49,$22.45,1.22,$49.27,0.56,$4.21,6.53,$1.71,16.08,$2.40B,$0.47B,5.1,$1.30B,$0.85B,1.53,$1.91B,$0.34B,17.90%,$1.91B,$0.15B,7.59%,$1.91B,$0.15B,7.59%,$1.91B,$0.15B,7.85%,$1.91B,$0.15B,7.85%,$1.91B,$0.07B,3.45%,$0.07B,$0.85B,7.87%,$0.07B,$0.71B,8.96%,$0.07B,$2.63B,2.97%,$0.15B,$2.16B,7.34%,$373,$308,$65,$0,$47,$359,$14,$1,$15,$3,$13,$13,$8,$16,$14,$38,40,$0.22,$0.21,$50,$2334,$0,$2400,$0,$5,$140,$33,$226,$2626,$470,$1302,$0,$1302,$1773,$0,$334,$0,$854,$2626,$13,$2,$6,$8,$-2,$0,$21,$80,$77,$98,$-2,$0,$-475,$0,$0,$0,$0,$-478,$191,$85,$276,$-5,$-5,$0,$-24,$247,$-132,$3,$0
3,2017-12-31,29.08,$22.68,1.28,$46.91,0.62,$0.69,42.18,$1.23,23.64,$1.90B,$0.17B,11.14,$1.03B,$0.86B,1.2,$1.80B,$0.32B,17.64%,$1.80B,$0.14B,7.62%,$1.80B,$0.14B,7.62%,$1.80B,$0.14B,7.85%,$1.80B,$0.12B,6.68%,$1.80B,$0.05B,2.67%,$0.05B,$0.86B,5.91%,$0.05B,$0.77B,6.60%,$0.05B,$2.06B,2.32%,$0.14B,$1.89B,7.19%,$625,$507,$118,$0,$57,$564,$60,$2,$62,$45,$17,$17,$12,$61,$60,$37,39,$0.32,$0.31,$183,$1700,$0,$1896,$0,$8,$88,$21,$165,$2061,$170,$1030,$0,$1030,$1200,$0,$326,$0,$861,$2061,$58,$2,$59,$61,$-1,$0,$-15,$48,$49,$167,$-4,$0,$0,$0,$0,$0,$0,$-4,$-14,$-29,$-43,$27,$27,$0,$-7,$-23,$140,$10,$0
4,2017-09-30,22.99,$25.93,0.89,$43.06,0.53,$-2.99,0.0,$1.53,15.03,$1.91B,$0.18B,10.77,$1.10B,$0.83B,1.33,$1.65B,$0.28B,16.84%,$1.65B,$0.12B,6.99%,$1.65B,$0.12B,6.99%,$1.65B,$0.12B,7.23%,$1.65B,$0.10B,5.96%,$1.65B,$0.06B,3.59%,$0.06B,$0.83B,7.49%,$0.06B,$0.74B,8.39%,$0.06B,$2.10B,2.87%,$0.12B,$1.92B,6.07%,$490,$402,$89,$0,$45,$447,$43,$1,$44,$14,$30,$30,$27,$44,$43,$37,39,$0.74,$0.71,$44,$1856,$0,$1909,$0,$8,$89,$21,$192,$2101,$177,$1098,$0,$1098,$1275,$0,$314,$0,$826,$2101,$41,$1,$29,$31,$-0,$0,$10,$-103,$-95,$-23,$-2,$0,$0,$0,$0,$0,$0,$-2,$-0,$21,$21,$-2,$-2,$0,$8,$26,$1,$6,$0
5,2017-06-30,24.14,$24.58,0.98,$39.29,0.61,$-4.52,0.0,$1.16,20.81,$1.90B,$0.16B,11.87,$1.12B,$0.81B,1.38,$1.50B,$0.25B,16.36%,$1.50B,$0.09B,6.21%,$1.50B,$0.09B,6.21%,$1.50B,$0.10B,6.48%,$1.50B,$0.08B,5.27%,$1.50B,$0.05B,3.00%,$0.05B,$0.81B,5.87%,$0.05B,$0.73B,6.56%,$0.05B,$2.10B,2.19%,$0.09B,$1.94B,4.91%,$423,$353,$70,$0,$41,$394,$28,$1,$29,$9,$20,$20,$19,$29,$28,$37,38,$0.51,$0.49,$33,$1863,$0,$1904,$0,$8,$89,$19,$192,$2096,$160,$1121,$0,$1121,$1282,$0,$287,$0,$814,$2096,$11,$1,$25,$26,$1,$0,$5,$-95,$-103,$-67,$-0,$0,$0,$0,$0,$0,$0,$-0,$-6,$36,$30,$0,$0,$0,$27,$57,$-10,$3,$0
6,2017-03-31,20.62,$23.44,0.88,$36.74,0.56,$-4.74,0.0,$1.05,19.64,$1.84B,$0.15B,12.76,$1.13B,$0.75B,1.5,$1.40B,$0.23B,16.49%,$1.40B,$0.09B,6.14%,$1.40B,$0.09B,6.14%,$1.40B,$0.09B,6.42%,$1.40B,$0.07B,5.21%,$1.40B,$0.04B,2.93%,$0.04B,$0.75B,5.51%,$0.04B,$0.68B,6.14%,$0.04B,$2.02B,2.01%,$0.09B,$1.87B,4.56%,$259,$218,$40,$0,$34,$253,$6,$-21,$-15,$-6,$-9,$-9,$-10,$7,$6,$37,37,$-0.27,$-0.27,$40,$1794,$0,$1844,$0,$7,$74,$18,$175,$2019,$145,$1125,$0,$1125,$1270,$0,$268,$0,$749,$2019,$-9,$0,$23,$24,$0,$0,$-2,$-26,$-56,$-41,$-0,$0,$0,$0,$0,$0,$0,$-0,$5,$28,$33,$0,$0,$0,$6,$38,$-3,$2,$0
7,2016-12-31,19.03,$24.07,0.79,$36.63,0.52,$-5.18,0.0,$1.56,12.2,$1.82B,$0.17B,10.91,$1.08B,$0.76B,1.42,$1.41B,$0.24B,17.07%,$1.41B,$0.09B,6.61%,$1.41B,$0.09B,6.61%,$1.41B,$0.10B,6.90%,$1.41B,$0.10B,7.33%,$1.41B,$0.06B,4.27%,$0.06B,$0.76B,8.15%,$0.06B,$0.68B,9.10%,$0.06B,$2.01B,2.95%,$0.09B,$1.84B,4.97%,$473,$395,$78,$0,$43,$435,$38,$2,$40,$14,$26,$26,$23,$39,$38,$37,38,$0.61,$0.59,$43,$1772,$0,$1824,$0,$7,$87,$17,$187,$2011,$167,$1081,$0,$1081,$1248,$0,$278,$0,$763,$2011,$68,$2,$9,$11,$-1,$0,$-2,$-64,$-57,$22,$-1,$0,$0,$0,$0,$0,$6,$5,$-15,$-36,$-51,$0,$0,$0,$16,$-34,$-8,$6,$0
8,2016-09-30,18.55,$23.32,0.8,$34.73,0.53,$-10.31,0.0,$1.64,11.31,$1.91B,$0.16B,11.99,$1.19B,$0.74B,1.6,$1.34B,$0.23B,17.22%,$1.34B,$0.09B,6.81%,$1.34B,$0.09B,6.81%,$1.34B,$0.10B,7.11%,$1.34B,$0.10B,7.56%,$1.34B,$0.06B,4.72%,$0.06B,$0.74B,8.84%,$0.06B,$0.67B,9.86%,$0.06B,$2.08B,3.13%,$0.09B,$1.93B,4.90%,$343,$286,$57,$0,$36,$321,$21,$3,$25,$8,$17,$17,$13,$22,$21,$37,38,$0.36,$0.34,$41,$1856,$0,$1905,$0,$8,$74,$17,$179,$2084,$159,$1186,$0,$1186,$1345,$0,$255,$0,$739,$2084,$42,$2,$1,$3,$0,$0,$1,$-140,$-127,$-83,$-1,$0,$0,$0,$0,$0,$6,$5,$16,$31,$47,$0,$0,$0,$21,$68,$-9,$4,$0
9,2016-06-30,16.12,$22.94,0.7,$32.26,0.5,$-13.88,0.0,$1.61,10.01,$1.88B,$0.16B,11.52,$1.17B,$0.73B,1.61,$1.24B,$0.22B,17.55%,$1.24B,$0.09B,6.84%,$1.24B,$0.09B,6.84%,$1.24B,$0.09B,7.09%,$1.24B,$0.09B,7.49%,$1.24B,$0.06B,4.99%,$0.06B,$0.73B,9.02%,$0.06B,$0.65B,10.10%,$0.06B,$2.06B,3.12%,$0.09B,$1.89B,4.67%,$326,$269,$56,$0,$35,$304,$21,$1,$23,$8,$15,$15,$15,$22,$21,$37,38,$0.40,$0.38,$40,$1829,$0,$1878,$0,$7,$74,$19,$179,$2057,$163,$1167,$0,$1167,$1330,$0,$242,$0,$727,$2057,$25,$1,$1,$2,$2,$0,$13,$-120,$-102,$-75,$-1,$0,$0,$0,$0,$0,$6,$6,$37,$-6,$31,$0,$0,$0,$28,$59,$-10,$3,$0
10,2016-03-31,14.49,$22.53,0.64,$30.47,0.48,$-14.67,0.0,$1.55,9.35,$1.80B,$0.15B,11.96,$1.12B,$0.71B,1.56,$1.17B,$0.21B,18.02%,$1.17B,$0.08B,7.09%,$1.17B,$0.08B,7.09%,$1.17B,$0.09B,7.34%,$1.17B,$0.09B,7.77%,$1.17B,$0.06B,5.04%,$0.06B,$0.71B,8.93%,$0.06B,$0.64B,10.03%,$0.06B,$1.98B,3.05%,$0.08B,$1.83B,4.69%,$264,$215,$49,$0,$33,$251,$13,$2,$15,$5,$10,$10,$9,$14,$13,$37,38,$0.25,$0.24,$36,$1753,$0,$1799,$0,$6,$74,$21,$180,$1979,$150,$1115,$0,$1115,$1265,$0,$227,$0,$714,$1979,$10,$0,$1,$1,$2,$0,$3,$-77,$-71,$-60,$-1,$0,$0,$0,$0,$0,$6,$6,$25,$-16,$9,$0,$0,$0,$31,$39,$-14,$1,$0
11,2015-12-31,16.5,$21.34,0.77,$28.80,0.57,$-14.73,0.0,$1.49,11.07,$1.74B,$0.15B,11.93,$1.11B,$0.67B,1.65,$1.10B,$0.21B,18.57%,$1.10B,$0.08B,7.25%,$1.10B,$0.08B,7.25%,$1.10B,$0.08B,7.52%,$1.10B,$0.09B,7.88%,$1.10B,$0.06B,5.16%,$0.06B,$0.67B,9.02%,$0.06B,$0.60B,10.16%,$0.06B,$1.92B,3.05%,$0.08B,$1.78B,4.68%,$403,$335,$68,$0,$37,$367,$36,$2,$38,$11,$27,$27,$26,$37,$36,$37,39,$0.72,$0.67,$51,$1675,$0,$1744,$0,$5,$74,$21,$180,$1923,$146,$1106,$0,$1106,$1252,$0,$218,$0,$671,$1923,$60,$3,$13,$15,$7,$0,$24,$-264,$-249,$-173,$-5,$0,$0,$0,$-1,$-1,$0,$-6,$106,$65,$171,$0,$0,$0,$5,$176,$-3,$7,$0
12,2015-09-30,20.6,$20.29,1.02,$29.18,0.71,$-15.02,0.0,$1.33,15.49,$1.79B,$0.21B,8.49,$1.14B,$0.64B,1.79,$1.06B,$0.18B,17.00%,$1.06B,$0.07B,6.99%,$1.06B,$0.07B,6.99%,$1.06B,$0.07B,6.99%,$1.06B,$0.08B,7.65%,$1.06B,$0.05B,4.63%,$0.05B,$0.64B,7.99%,$0.05B,$0.56B,9.01%,$0.05B,$1.99B,2.71%,$0.07B,$1.78B,4.50%,$249,$204,$45,$0,$29,$234,$15,$2,$17,$5,$12,$12,$12,$15,$15,$37,39,$0.33,$0.31,$27,$1733,$0,$1790,$0,$0,$74,$24,$203,$1993,$211,$1143,$0,$1143,$1354,$0,$192,$0,$638,$1993,$33,$2,$2,$4,$-2,$0,$63,$-329,$-258,$-220,$-1,$0,$0,$0,$-1,$-1,$0,$-2,$110,$85,$195,$0,$0,$0,$1,$196,$-26,$5,$0
13,2015-06-30,25.67,$19.67,1.3,$29.03,0.88,$-14.84,0.0,$1.19,21.57,$1.64B,$0.16B,10.61,$1.07B,$0.62B,1.72,$1.02B,$0.18B,18.09%,$1.02B,$0.07B,6.69%,$1.02B,$0.07B,6.69%,$1.02B,$0.07B,6.98%,$1.02B,$0.07B,7.28%,$1.02B,$0.04B,4.23%,$0.04B,$0.62B,7.53%,$0.04B,$0.55B,8.55%,$0.04B,$1.84B,2.50%,$0.07B,$1.69B,4.31%,$255,$206,$49,$0,$28,$235,$19,$1,$21,$7,$13,$13,$12,$20,$19,$37,38,$0.34,$0.32,$61,$1552,$0,$1642,$0,$0,$68,$25,$197,$1840,$155,$1066,$0,$1066,$1221,$0,$180,$0,$619,$1840,$21,$1,$1,$2,$1,$0,$18,$-147,$-128,$-105,$-0,$0,$0,$0,$-1,$-1,$0,$-1,$13,$104,$117,$0,$0,$0,$-3,$114,$8,$3,$0
14,2015-03-31,25.82,$19.05,1.36,$27.82,0.93,$-18.31,0.0,$1.25,20.66,$1.54B,$0.13B,11.51,$1.00B,$0.60B,1.66,$0.94B,$0.19B,19.64%,$0.94B,$0.07B,7.43%,$0.94B,$0.07B,7.43%,$0.94B,$0.07B,7.75%,$0.94B,$0.07B,7.86%,$0.94B,$0.04B,4.56%,$0.04B,$0.60B,8.04%,$0.04B,$0.53B,8.98%,$0.04B,$1.73B,2.76%,$0.07B,$1.60B,4.90%,$197,$154,$43,$0,$26,$187,$10,$1,$11,$4,$8,$8,$7,$11,$10,$36,38,$0.18,$0.18,$30,$1478,$0,$1536,$0,$0,$68,$20,$192,$1728,$134,$996,$0,$996,$1129,$0,$167,$0,$599,$1728,$8,$1,$1,$1,$0,$0,$7,$-66,$-70,$-61,$-0,$0,$0,$0,$-1,$-1,$0,$-1,$-3,$49,$46,$0,$0,$0,$-8,$39,$-23,$1,$0
15,2014-12-31,20.27,$19.08,1.06,$27.18,0.75,$-21.93,0.0,$1.34,15.13,$1.48B,$0.14B,10.8,$0.93B,$0.60B,1.55,$0.90B,$0.19B,20.78%,$0.90B,$0.08B,8.49%,$0.90B,$0.08B,8.49%,$0.90B,$0.08B,8.83%,$0.90B,$0.08B,8.83%,$0.90B,$0.05B,5.03%,$0.05B,$0.60B,8.99%,$0.05B,$0.53B,9.83%,$0.05B,$1.66B,3.16%,$0.08B,$1.52B,5.83%,$358,$315,$43,$0,$37,$328,$30,$2,$32,$11,$21,$21,$18,$28,$30,$32,33,$0.56,$0.52,$53,$1405,$0,$1482,$0,$3,$69,$19,$178,$1660,$137,$925,$0,$925,$1063,$0,$161,$0,$597,$1660,$55,$3,$14,$17,$-5,$-13,$34,$-269,$-231,$-160,$-2,$0,$-492,$0,$-1,$-1,$0,$-495,$469,$0,$469,$93,$93,$0,$-26,$536,$-119,$6,$0
16,2014-09-30,22.1,$15.06,1.47,$24.52,0.9,$-23.97,0.0,$4.46,4.96,$1.45B,$0.14B,10.23,$1.04B,$0.47B,2.22,$0.75B,$0.20B,27.21%,$0.75B,$0.08B,10.05%,$0.75B,$0.08B,10.05%,$0.75B,$0.08B,10.99%,$0.75B,$0.08B,10.32%,$0.75B,$0.14B,19.30%,$0.14B,$0.47B,31.02%,$0.14B,$0.40B,33.16%,$0.14B,$1.65B,11.43%,$0.08B,$1.51B,6.51%,$207,$158,$49,$0,$25,$198,$9,$1,$10,$2,$8,$8,$6,$12,$9,$31,33,$0.18,$0.17,$36,$1378,$0,$1449,$0,$0,$71,$18,$205,$1654,$142,$1042,$0,$1042,$1183,$0,$143,$0,$470,$1654,$34,$5,$7,$13,$-3,$-13,$29,$-266,$-227,$-181,$-2,$0,$-489,$0,$0,$0,$0,$-491,$571,$0,$571,$0,$0,$0,$-36,$535,$-137,$3,$0
17,2014-06-30,30.44,$15.12,2.01,$22.94,1.33,$-23.67,0.0,$4.53,6.72,$1.06B,$0.10B,10.45,$0.62B,$0.47B,1.31,$0.69B,$0.20B,28.55%,$0.69B,$0.08B,12.03%,$0.69B,$0.08B,12.03%,$0.69B,$0.09B,12.75%,$0.69B,$0.08B,12.17%,$0.69B,$0.15B,21.16%,$0.15B,$0.47B,33.86%,$0.15B,$0.46B,35.24%,$0.15B,$1.19B,13.96%,$0.08B,$1.09B,8.75%,$180,$130,$50,$0,$20,$159,$21,$0,$21,$6,$15,$15,$12,$22,$21,$31,33,$0.39,$0.38,$103,$931,$0,$1056,$0,$0,$16,$14,$134,$1190,$101,$617,$0,$617,$718,$0,$137,$0,$472,$1190,$26,$3,$6,$8,$-1,$-13,$14,$-247,$-237,$-203,$-2,$0,$0,$0,$0,$0,$0,$-2,$145,$0,$145,$0,$0,$0,$-10,$135,$-69,$2,$0
18,2014-03-31,27.61,$14.86,1.86,$23.08,1.2,$-20.36,0.0,$4.44,6.22,$1.05B,$0.10B,10.76,$0.62B,$0.46B,1.34,$0.64B,$0.18B,27.93%,$0.64B,$0.07B,11.23%,$0.64B,$0.07B,11.23%,$0.64B,$0.08B,12.01%,$0.64B,$0.07B,11.23%,$0.64B,$0.14B,22.00%,$0.14B,$0.46B,35.56%,$0.14B,$0.45B,37.20%,$0.14B,$1.18B,14.84%,$0.07B,$1.09B,8.44%,$150,$106,$44,$0,$19,$134,$16,$0,$16,$5,$11,$11,$9,$17,$16,$31,33,$0.28,$0.27,$152,$875,$0,$1049,$0,$0,$16,$12,$134,$1184,$98,$622,$0,$622,$720,$0,$125,$0,$464,$1184,$11,$1,$3,$4,$-0,$0,$2,$-191,$-186,$-170,$-1,$0,$0,$0,$0,$0,$0,$-1,$151,$0,$151,$0,$0,$0,$-1,$150,$-21,$1,$0
