,Date,Stock Price,Book Value per Share,Price to Book Ratio,TTM Sales per Share,Price to Sales Ratio,TTM FCF per Share,Price to FCF Ratio,TTM Net EPS,PE Ratio,Current Assets,Current Liabilities,Current Ratio,Long Term Debt,Shareholder's Equity_x,Debt to Equity Ratio,TTM Revenue_x,TTM Gross Profit,Gross Margin,TTM Revenue_y,TTM Operating Income,Operating Margin,TTM Revenue_x,TTM EBIT,EBIT Margin,TTM Revenue_y,TTM EBITDA,EBITDA Margin,TTM Revenue_x,TTM Pre-Tax Income,Pre-Tax Margin,TTM Revenue_y,TTM Net Income_x,Net Margin,TTM Net Income_y,Shareholder's Equity_y,Return on Equity,TTM Net Income_x,Tangible Equity,Return on Tangible Equity,TTM Net Income_y,Total Assets,Return on Assets,TTM Net Income,LT Investments & Debt,Return on Investment,revenue,cost-goods-sold,gross-profit,research-development-expenses,selling-general-administrative-expenses,operating-expenses,operating-income,total-non-operating-income-expense,pre-tax-income,total-provision-income-taxes,income-after-taxes,income-from-continuous-operations,net-income,ebitda,ebit,basic-shares-outstanding,shares-outstanding,eps-basic-net-earnings-per-share,eps-earnings-per-share-diluted,cash-on-hand,inventory,other-current-assets,total-current-assets,net-property-plant-equipment,long-term-investments,goodwill-intangible-assets-total,other-long-term-assets,total-long-term-assets,total-assets,total-current-liabilities,long-term-debt,other-non-current-liabilities,total-long-term-liabilities,total-liabilities,common-stock-net,retained-earnings-accumulated-deficit,comprehensive-income,total-share-holder-equity,total-liabilities-share-holders-equity,net-income-loss,total-depreciation-amortization-cash-flow,other-non-cash-items,total-non-cash-items,change-in-accounts-receivable,change-in-inventories,change-in-accounts-payable,change-in-assets-liabilities,total-change-in-assets-liabilities,cash-flow-from-operating-activities,net-change-in-property-plant-equipment,net-change-in-intangible-assets,net-acquisitions-divestitures,net-change-in-short-term-investments,net-change-in-long-term-investments,net-change-in-investments-total,investing-activities-other,cash-flow-from-investing-activities,net-long-term-debt,net-current-debt,debt-issuance-retirement-net-total,net-common-equity-issued-repurchased,net-total-equity-issued-repurchased,total-common-preferred-stock-dividends-paid,financial-activities-other,cash-flow-from-financial-activities,net-cash-flow,stock-based-compensation,common-stock-dividends-paid
0,2018-09-30,83.11,$47.13,1.76,$66.52,1.25,$14.77,5.63,$10.47,7.94,$3.00B,$1.30B,2.31,$2.67B,$6.09B,0.44,$8.65B,$2.14B,24.71%,$8.65B,$1.57B,18.17%,$8.65B,$1.57B,18.17%,$8.65B,$2.20B,25.40%,$8.65B,$1.48B,17.14%,$8.65B,$1.67B,19.28%,$1.67B,$6.09B,29.08%,$1.67B,$4.39B,41.78%,$1.67B,$11.72B,14.27%,$1.57B,$8.76B,18.46%,$2255,$1716,$539,$0,$114,$1859,$396,$-5,$391,$73,$318,$318,$307,$557,$396,$129,130,$2.36,$2.35,$788,$939,$0,$3004,$6519,$0,$1699,$499,$8717,$11721,$1301,$2667,$178,$4332,$5633,$1,$5400,$-24,$6088,$11721,$903,$473,$96,$569,$-252,$-42,$36,$-3,$-252,$1155,$-507,$0,$0,$0,$-63,$-63,$9,$-561,$11,$-1177,$-1166,$-49,$-49,$-87,$-29,$-1331,$-743,$16,$-87
1,2018-06-30,107.63,$45.09,2.39,$65.42,1.65,$14.00,7.69,$12.08,8.91,$2.69B,$1.19B,2.27,$2.67B,$5.85B,0.46,$8.50B,$2.09B,24.62%,$8.50B,$1.54B,18.11%,$8.50B,$1.54B,18.11%,$8.50B,$2.16B,25.38%,$8.50B,$1.42B,16.70%,$8.50B,$1.57B,18.47%,$1.57B,$5.85B,29.35%,$1.57B,$4.12B,43.89%,$1.57B,$11.35B,13.58%,$1.54B,$8.51B,18.55%,$2235,$1683,$552,$0,$115,$1831,$404,$-23,$381,$93,$288,$288,$278,$560,$404,$130,130,$2.13,$2.12,$482,$905,$0,$2694,$6468,$0,$1724,$460,$8652,$11346,$1186,$2666,$163,$4314,$5500,$1,$5125,$-33,$5846,$11346,$585,$312,$71,$383,$-272,$-9,$-11,$-13,$-375,$549,$-312,$0,$0,$0,$-45,$-45,$3,$-354,$6,$-1173,$-1167,$0,$0,$-54,$-21,$-1242,$-1049,$11,$-54
2,2018-03-31,110.95,$43.53,2.55,$63.52,1.75,$13.72,8.09,$11.13,9.97,$2.96B,$1.65B,1.79,$2.67B,$5.64B,0.47,$8.25B,$1.95B,23.58%,$8.25B,$1.40B,16.97%,$8.25B,$1.40B,16.97%,$8.25B,$2.01B,24.33%,$8.25B,$1.27B,15.35%,$8.25B,$1.45B,17.53%,$1.45B,$5.64B,29.26%,$1.45B,$3.88B,45.98%,$1.45B,$11.60B,12.63%,$1.40B,$8.31B,17.28%,$2150,$1608,$542,$0,$108,$1749,$401,$-15,$386,$89,$297,$297,$287,$557,$401,$129,130,$2.21,$2.20,$851,$944,$0,$2959,$6447,$0,$1764,$434,$8645,$11604,$1653,$2666,$177,$4310,$5963,$1,$4874,$3,$5641,$11604,$297,$156,$21,$177,$-133,$-41,$-13,$2,$-233,$225,$-154,$0,$0,$0,$-26,$-26,$2,$-178,$4,$-706,$-702,$0,$0,$-27,$-2,$-731,$-680,$6,$-27
3,2017-12-31,106.14,$41.49,2.56,$61.98,1.71,$13.35,7.95,$9.99,10.62,$3.46B,$1.97B,1.76,$3.13B,$5.37B,0.58,$8.04B,$1.77B,22.00%,$8.04B,$1.23B,15.33%,$8.04B,$1.23B,15.33%,$8.04B,$1.83B,22.81%,$8.04B,$1.08B,13.44%,$8.04B,$1.30B,16.13%,$1.30B,$5.37B,28.57%,$1.30B,$3.58B,47.10%,$1.30B,$12.08B,11.55%,$1.23B,$8.50B,15.54%,$2010,$1506,$504,$0,$101,$1639,$371,$-46,$325,$-491,$816,$816,$796,$523,$371,$129,130,$6.18,$6.16,$1531,$900,$0,$3463,$6412,$0,$1789,$412,$8613,$12076,$1967,$3127,$158,$4740,$6707,$1,$4613,$7,$5369,$12076,$1339,$601,$-492,$109,$-40,$-32,$86,$26,$155,$1538,$-577,$0,$-13,$0,$-66,$-66,$4,$-652,$278,$-257,$21,$0,$0,$-103,$242,$160,$1072,$23,$-103
4,2017-09-30,82.6,$35.26,2.34,$59.82,1.38,$7.51,11.0,$4.60,17.96,$2.70B,$1.17B,2.31,$3.35B,$4.55B,0.74,$7.77B,$1.55B,19.92%,$7.77B,$1.01B,13.06%,$7.77B,$1.01B,13.06%,$7.77B,$1.61B,20.77%,$7.77B,$0.87B,11.20%,$7.77B,$0.60B,7.70%,$0.60B,$4.55B,14.34%,$0.60B,$2.74B,24.93%,$0.60B,$11.24B,5.47%,$1.01B,$7.90B,13.17%,$2109,$1613,$496,$0,$98,$1745,$364,$-36,$328,$109,$219,$219,$210,$518,$364,$129,130,$1.62,$1.61,$687,$835,$0,$2700,$6344,$0,$1813,$0,$8545,$11244,$1170,$3349,$144,$5522,$6693,$1,$3838,$-14,$4551,$11244,$523,$449,$51,$500,$-185,$24,$61,$17,$-26,$962,$-414,$0,$0,$0,$-47,$-47,$1,$-460,$-469,$-7,$-476,$0,$0,$-76,$92,$-460,$64,$17,$-76
5,2017-06-30,65.64,$32.61,2.01,$53.47,1.23,$3.88,16.9,$3.50,18.75,$2.38B,$1.03B,2.31,$3.49B,$4.21B,0.83,$6.94B,$1.25B,18.06%,$6.94B,$0.70B,10.05%,$6.94B,$0.70B,10.05%,$6.94B,$1.24B,17.82%,$6.94B,$0.61B,8.72%,$6.94B,$0.45B,6.54%,$0.45B,$4.21B,11.38%,$0.45B,$2.39B,20.26%,$0.45B,$10.89B,4.18%,$0.70B,$7.70B,9.17%,$1979,$1576,$403,$0,$101,$1715,$264,$-37,$227,$68,$159,$159,$153,$409,$264,$129,130,$1.18,$1.17,$404,$832,$0,$2378,$6317,$0,$1824,$0,$8508,$10886,$1031,$3490,$140,$5646,$6677,$1,$3654,$-54,$4209,$10886,$304,$295,$32,$327,$-142,$21,$82,$5,$-121,$480,$-281,$0,$0,$0,$-31,$-31,$2,$-310,$-332,$-5,$-337,$0,$0,$-49,$-15,$-401,$-218,$11,$-49
6,2017-03-31,65.28,$31.25,2.09,$46.58,1.4,$2.99,21.85,$3.18,20.53,$2.25B,$0.94B,2.39,$3.60B,$4.03B,0.89,$6.04B,$1.09B,18.05%,$6.04B,$0.61B,10.14%,$6.04B,$0.61B,10.14%,$6.04B,$1.07B,17.77%,$6.04B,$0.56B,9.27%,$6.04B,$0.41B,6.82%,$0.41B,$4.03B,10.64%,$0.41B,$2.31B,16.30%,$0.41B,$10.73B,4.29%,$0.61B,$7.63B,9.01%,$1943,$1577,$366,$0,$99,$1709,$234,$-33,$201,$56,$145,$145,$138,$384,$234,$129,130,$1.07,$1.06,$382,$822,$0,$2251,$6393,$0,$1720,$0,$8474,$10725,$943,$3602,$135,$5749,$6692,$1,$3526,$-104,$4033,$10725,$145,$150,$3,$153,$-65,$-19,$49,$6,$-151,$157,$-134,$0,$0,$0,$-15,$-15,$1,$-148,$-223,$-2,$-225,$0,$0,$-24,$-4,$-253,$-241,$6,$-24
7,2016-12-31,55.18,$30.19,1.83,$39.06,1.41,$2.75,20.03,$3.06,18.03,$2.41B,$1.18B,2.04,$3.68B,$3.89B,0.95,$5.08B,$0.98B,19.33%,$5.08B,$0.58B,11.45%,$5.08B,$0.58B,11.45%,$5.08B,$0.96B,18.87%,$5.08B,$0.56B,10.97%,$5.08B,$0.40B,7.82%,$0.40B,$3.89B,10.48%,$0.40B,$2.16B,14.07%,$0.40B,$10.89B,4.75%,$0.58B,$7.57B,9.67%,$1736,$1454,$282,$0,$78,$1584,$152,$-38,$114,$9,$105,$105,$97,$302,$152,$129,130,$0.77,$0.76,$620,$801,$0,$2408,$6420,$0,$1734,$328,$8482,$10890,$1183,$3679,$121,$5815,$6998,$1,$3412,$-121,$3892,$10890,$420,$378,$75,$453,$50,$-62,$12,$11,$59,$834,$-629,$0,$-2438,$0,$508,$508,$-4,$-2563,$1912,$-13,$1899,$-67,$-67,$-97,$-202,$1533,$-204,$14,$-97
8,2016-09-30,52.54,$29.67,1.77,$33.16,1.58,$5.62,9.35,$3.14,16.73,$2.42B,$1.21B,2.01,$3.68B,$3.82B,0.96,$4.33B,$0.94B,21.61%,$4.33B,$0.61B,14.10%,$4.33B,$0.61B,14.10%,$4.33B,$0.90B,20.85%,$4.33B,$0.62B,14.33%,$4.33B,$0.41B,9.43%,$0.41B,$3.82B,11.01%,$0.41B,$2.11B,13.08%,$0.41B,$10.90B,5.81%,$0.61B,$7.51B,11.74%,$1279,$1077,$202,$0,$73,$1232,$47,$17,$63,$-7,$70,$70,$66,$141,$47,$129,129,$0.51,$0.51,$550,$745,$0,$2420,$6451,$0,$1716,$0,$8477,$10897,$1205,$3681,$147,$5868,$7073,$1,$3338,$-108,$3824,$10897,$315,$228,$66,$294,$-92,$-6,$34,$2,$10,$544,$-467,$0,$-2438,$658,$-142,$516,$0,$-2389,$1904,$-5,$1899,$-67,$-67,$-72,$-199,$1561,$-282,$7,$-72
9,2016-06-30,41.99,$29.02,1.45,$32.27,1.3,$8.90,4.72,$4.02,10.45,$2.19B,$0.62B,3.53,$0.76B,$3.74B,0.2,$4.24B,$1.04B,24.65%,$4.24B,$0.82B,19.29%,$4.24B,$0.82B,19.29%,$4.24B,$1.08B,25.43%,$4.24B,$0.81B,19.01%,$4.24B,$0.53B,12.42%,$0.53B,$3.74B,14.49%,$0.53B,$3.53B,15.39%,$0.53B,$5.92B,9.25%,$0.82B,$4.50B,18.61%,$1086,$845,$241,$0,$54,$906,$180,$2,$182,$67,$116,$116,$111,$247,$180,$130,130,$0.85,$0.85,$1123,$449,$0,$2190,$3231,$9,$208,$0,$3731,$5921,$620,$758,$140,$1563,$2183,$1,$3297,$-82,$3737,$5921,$245,$133,$112,$245,$-73,$-13,$54,$-13,$-46,$370,$-287,$0,$0,$299,$-138,$161,$0,$-126,$0,$-5,$-5,$-67,$-67,$-47,$-17,$-136,$108,$5,$-47
10,2016-03-31,45.11,$28.43,1.59,$32.82,1.37,$10.00,4.51,$4.71,9.58,$2.19B,$0.51B,4.33,$0.76B,$3.70B,0.21,$4.33B,$1.16B,26.67%,$4.33B,$0.93B,21.50%,$4.33B,$0.93B,21.50%,$4.33B,$1.19B,27.37%,$4.33B,$0.93B,21.48%,$4.33B,$0.62B,14.31%,$0.62B,$3.70B,17.46%,$0.62B,$3.49B,18.59%,$0.62B,$5.72B,11.16%,$0.93B,$4.46B,21.61%,$975,$720,$256,$0,$53,$773,$202,$-4,$198,$69,$129,$129,$123,$268,$202,$130,131,$0.94,$0.94,$1140,$479,$0,$2192,$3115,$9,$214,$0,$3533,$5724,$506,$758,$146,$1514,$2020,$1,$3209,$-91,$3704,$5724,$129,$66,$62,$127,$-36,$-41,$24,$-11,$-118,$129,$-136,$0,$0,$-1,$-10,$-11,$0,$-147,$0,$-5,$-5,$-1,$-1,$-24,$-4,$-33,$-48,$2,$-24
11,2015-12-31,52.7,$27.35,1.93,$33.64,1.57,$10.77,4.89,$4.87,10.82,$2.18B,$0.52B,4.16,$0.76B,$3.56B,0.21,$4.46B,$1.19B,26.55%,$4.46B,$0.96B,21.49%,$4.46B,$0.96B,21.49%,$4.46B,$1.21B,27.02%,$4.46B,$0.96B,21.56%,$4.46B,$0.64B,14.41%,$0.64B,$3.56B,18.68%,$0.64B,$3.35B,19.91%,$0.64B,$5.57B,11.86%,$0.96B,$4.32B,22.81%,$986,$750,$236,$0,$48,$805,$181,$-4,$177,$61,$116,$116,$108,$246,$181,$132,132,$0.84,$0.83,$1183,$434,$0,$2175,$3004,$0,$213,$0,$3394,$5569,$523,$758,$28,$1485,$2007,$1,$3110,$-129,$3562,$5569,$665,$246,$42,$288,$63,$99,$-22,$-4,$128,$1079,$-491,$0,$16,$0,$-528,$-528,$-3,$-1006,$53,$-74,$-21,$-163,$-163,$-92,$-11,$-287,$-218,$10,$-92
12,2015-09-30,50.19,$26.88,1.87,$34.68,1.45,$10.83,4.64,$5.40,9.29,$2.25B,$0.54B,4.2,$0.76B,$3.52B,0.22,$4.61B,$1.31B,28.44%,$4.61B,$1.08B,23.41%,$4.61B,$1.08B,23.41%,$4.61B,$1.32B,28.68%,$4.61B,$1.07B,23.22%,$4.61B,$0.72B,15.54%,$0.72B,$3.52B,21.39%,$0.72B,$3.30B,22.85%,$0.72B,$5.52B,13.45%,$1.08B,$4.28B,26.24%,$1188,$877,$311,$0,$57,$934,$254,$-6,$248,$60,$188,$188,$184,$316,$254,$132,132,$1.39,$1.39,$1248,$430,$0,$2248,$2917,$10,$219,$0,$3276,$5524,$535,$764,$171,$1470,$2005,$1,$3023,$-122,$3520,$5524,$549,$182,$-1,$180,$55,$106,$-31,$-5,$114,$841,$-329,$0,$16,$-2,$-239,$-240,$0,$-554,$0,$-13,$-13,$-113,$-113,$-68,$-9,$-203,$81,$8,$-68
13,2015-06-30,66.11,$25.88,2.55,$35.05,1.89,$10.43,6.34,$5.26,12.57,$2.17B,$0.54B,4.05,$0.76B,$3.42B,0.22,$4.68B,$1.36B,29.14%,$4.68B,$1.13B,24.22%,$4.68B,$1.13B,24.22%,$4.68B,$1.37B,29.24%,$4.68B,$1.12B,23.90%,$4.68B,$0.70B,14.99%,$0.70B,$3.42B,21.55%,$0.70B,$3.20B,23.08%,$0.70B,$5.41B,13.40%,$1.13B,$4.18B,28.21%,$1185,$832,$353,$0,$58,$890,$295,$13,$308,$98,$210,$210,$205,$356,$295,$133,133,$1.55,$1.54,$1027,$486,$0,$2166,$2856,$38,$214,$0,$3245,$5411,$535,$764,$163,$1459,$1994,$1,$2863,$-120,$3417,$5411,$360,$120,$-14,$106,$-22,$50,$-2,$-11,$-26,$435,$-204,$0,$16,$14,$0,$14,$0,$-174,$0,$-2,$-2,$-62,$-62,$-44,$-5,$-113,$146,$5,$-44
14,2015-03-31,69.18,$24.62,2.81,$33.61,2.06,$10.30,6.72,$4.98,13.89,$2.00B,$0.45B,4.42,$0.76B,$3.27B,0.23,$4.49B,$1.32B,29.30%,$4.49B,$1.11B,24.60%,$4.49B,$1.11B,24.60%,$4.49B,$1.33B,29.56%,$4.49B,$1.07B,23.86%,$4.49B,$0.67B,14.80%,$0.67B,$3.27B,21.59%,$0.67B,$3.06B,23.09%,$0.67B,$5.18B,13.37%,$1.11B,$4.04B,28.74%,$1104,$819,$285,$0,$55,$874,$229,$-0,$229,$78,$150,$150,$146,$288,$229,$133,133,$1.10,$1.10,$946,$480,$0,$2002,$2751,$65,$207,$0,$3178,$5180,$453,$764,$157,$1456,$1909,$1,$2680,$-138,$3271,$5180,$150,$59,$2,$61,$19,$36,$-4,$-6,$-15,$191,$-96,$0,$0,$-1,$0,$-1,$0,$-97,$0,$0,$0,$-2,$-2,$-22,$-2,$-26,$65,$2,$-22
15,2014-12-31,58.6,$24.09,2.43,$33.02,1.77,$10.35,5.66,$5.06,11.58,$2.01B,$0.54B,3.74,$0.76B,$3.20B,0.24,$4.42B,$1.32B,29.85%,$4.42B,$1.12B,25.45%,$4.42B,$1.12B,25.45%,$4.42B,$1.33B,30.21%,$4.42B,$1.08B,24.55%,$4.42B,$0.68B,15.33%,$0.68B,$3.20B,23.30%,$0.68B,$2.98B,24.92%,$0.68B,$5.21B,14.34%,$1.12B,$3.97B,30.64%,$1136,$773,$363,$0,$51,$833,$302,$-16,$286,$99,$187,$187,$182,$363,$302,$133,134,$1.38,$1.38,$881,$526,$0,$2011,$2758,$61,$218,$0,$3203,$5214,$537,$764,$175,$1475,$2012,$1,$2556,$-79,$3202,$5214,$685,$210,$73,$283,$33,$51,$-97,$7,$69,$1032,$-431,$0,$-611,$340,$-71,$269,$0,$-773,$0,$0,$0,$-47,$-47,$-78,$289,$165,$419,$9,$-78
16,2014-09-30,82.85,$23.40,3.54,$31.63,2.62,$6.40,12.95,$4.96,16.7,$1.95B,$0.57B,3.41,$0.76B,$3.12B,0.25,$4.23B,$1.25B,29.56%,$4.23B,$1.08B,25.52%,$4.23B,$1.08B,25.52%,$4.23B,$1.27B,30.01%,$4.23B,$1.06B,24.95%,$4.23B,$0.66B,15.69%,$0.66B,$3.12B,24.51%,$0.66B,$2.90B,26.18%,$0.66B,$5.13B,14.98%,$1.08B,$3.89B,31.10%,$1253,$892,$362,$0,$55,$946,$307,$-12,$295,$124,$170,$170,$168,$361,$307,$133,134,$1.26,$1.25,$813,$501,$0,$1952,$2710,$71,$223,$0,$3174,$5126,$573,$764,$153,$1431,$2004,$1,$2394,$-36,$3122,$5126,$498,$150,$34,$183,$6,$80,$-99,$0,$100,$776,$-311,$0,$-611,$-1,$271,$270,$0,$-652,$0,$0,$0,$282,$282,$-56,$6,$232,$352,$7,$-56
17,2014-06-30,80.01,$20.44,3.91,$29.77,2.69,$3.29,24.33,$4.98,16.07,$1.82B,$0.39B,4.71,$0.76B,$2.73B,0.28,$3.98B,$1.19B,29.95%,$3.98B,$1.04B,26.11%,$3.98B,$1.04B,26.11%,$3.98B,$1.22B,30.55%,$3.98B,$1.02B,25.71%,$3.98B,$0.67B,16.72%,$0.67B,$2.73B,26.69%,$0.67B,$2.57B,28.49%,$0.67B,$4.37B,16.12%,$1.04B,$3.49B,31.91%,$999,$693,$306,$0,$39,$732,$267,$-5,$262,$92,$169,$169,$169,$316,$267,$133,134,$1.27,$1.26,$876,$438,$0,$1823,$2217,$69,$155,$0,$2547,$4369,$387,$764,$32,$1254,$1641,$1,$2249,$-0,$2728,$4369,$327,$95,$16,$112,$-27,$34,$-22,$-5,$-7,$432,$-217,$0,$0,$-0,$225,$224,$0,$8,$0,$0,$0,$4,$4,$-34,$4,$-25,$415,$5,$-34
18,2014-03-31,63.11,$19.25,3.28,$29.33,2.15,$1.36,46.37,$4.81,13.14,$1.69B,$0.36B,4.69,$0.76B,$2.57B,0.3,$3.92B,$1.16B,29.57%,$3.92B,$1.01B,25.69%,$3.92B,$1.01B,25.69%,$3.92B,$1.18B,30.00%,$3.92B,$0.99B,25.29%,$3.92B,$0.64B,16.37%,$0.64B,$2.57B,27.42%,$0.64B,$2.41B,29.42%,$0.64B,$4.17B,16.19%,$1.01B,$3.33B,32.47%,$1028,$741,$287,$0,$39,$780,$248,$-7,$241,$83,$158,$158,$158,$294,$248,$133,134,$1.18,$1.18,$776,$439,$0,$1687,$2151,$68,$157,$0,$2485,$4172,$360,$764,$32,$1243,$1603,$1,$2096,$-2,$2569,$4172,$158,$46,$7,$54,$5,$33,$-30,$-1,$2,$213,$-111,$0,$0,$-0,$-19,$-19,$0,$-130,$0,$0,$0,$2,$2,$-17,$4,$-11,$71,$2,$-17
19,2013-12-31,58.15,$18.14,3.21,$28.10,2.07,$0.34,170.29,$4.55,12.79,$1.65B,$0.41B,4.07,$0.76B,$2.42B,0.32,$3.76B,$1.10B,29.28%,$3.76B,$0.95B,25.37%,$3.76B,$0.95B,25.37%,$3.76B,$1.11B,29.60%,$3.76B,$0.94B,25.05%,$3.76B,$0.61B,16.14%,$0.61B,$2.42B,27.63%,$0.61B,$2.26B,29.40%,$0.61B,$4.06B,15.92%,$0.95B,$3.18B,32.23%,$952,$656,$296,$0,$38,$694,$258,$0,$258,$87,$171,$171,$169,$299,$258,$133,134,$1.28,$1.27,$701,$472,$0,$1649,$2088,$67,$159,$0,$2412,$4061,$405,$764,$36,$1237,$1642,$1,$1955,$-3,$2419,$4061,$610,$159,$106,$266,$-15,$-47,$14,$-0,$-63,$753,$-679,$0,$-178,$-122,$-23,$-145,$0,$-1002,$0,$0,$0,$-29,$-29,$-55,$5,$-79,$-329,$7,$-55
20,2013-09-30,49.76,$16.96,2.93,$26.99,1.84,$1.45,34.25,$3.99,12.49,$1.64B,$0.43B,3.8,$0.76B,$2.27B,0.34,$3.61B,$1.00B,27.57%,$3.61B,$0.85B,23.61%,$3.61B,$0.85B,23.61%,$3.61B,$1.01B,27.87%,$3.61B,$0.83B,23.08%,$3.61B,$0.54B,14.82%,$0.54B,$2.27B,25.97%,$0.54B,$2.11B,27.36%,$0.54B,$3.92B,14.66%,$0.85B,$3.03B,30.17%,$1004,$700,$304,$0,$38,$738,$267,$-4,$263,$93,$170,$170,$170,$308,$267,$133,134,$1.28,$1.27,$717,$452,$0,$1643,$1953,$65,$159,$0,$2281,$3923,$433,$764,$52,$1226,$1658,$1,$1799,$-11,$2265,$3923,$439,$117,$37,$155,$-19,$-26,$20,$-5,$-46,$548,$-498,$0,$-178,$-2,$-16,$-18,$0,$-695,$0,$0,$0,$-16,$-16,$-40,$5,$-51,$-199,$5,$-40
21,2013-06-30,45.74,$15.81,2.89,$25.65,1.78,$2.98,15.36,$3.37,13.59,$1.60B,$0.39B,4.06,$0.76B,$2.11B,0.36,$3.43B,$0.86B,25.19%,$3.43B,$0.73B,21.25%,$3.43B,$0.73B,21.25%,$3.43B,$0.88B,25.66%,$3.43B,$0.70B,20.29%,$3.43B,$0.45B,13.19%,$0.45B,$2.11B,22.58%,$0.45B,$1.95B,23.33%,$0.45B,$3.71B,12.71%,$0.73B,$2.88B,26.32%,$939,$666,$273,$0,$38,$704,$235,$-5,$230,$84,$146,$146,$145,$276,$235,$133,134,$1.09,$1.09,$655,$427,$0,$1601,$1786,$48,$161,$0,$2107,$3708,$394,$764,$51,$1201,$1596,$1,$1644,$-12,$2112,$3708,$269,$76,$68,$144,$-61,$-2,$5,$-8,$-98,$255,$-298,$0,$-178,$-116,$204,$87,$0,$-389,$0,$0,$0,$-11,$-11,$-25,$5,$-31,$-165,$3,$-25
22,2013-03-31,44.27,$14.86,2.98,$25.49,1.74,$4.60,9.62,$3.14,14.1,$1.73B,$0.40B,4.32,$0.76B,$1.99B,0.38,$3.40B,$0.79B,23.29%,$3.40B,$0.66B,19.52%,$3.40B,$0.66B,19.52%,$3.40B,$0.81B,23.82%,$3.40B,$0.64B,18.85%,$3.40B,$0.42B,12.41%,$0.42B,$1.99B,21.51%,$0.42B,$1.94B,21.78%,$0.42B,$3.56B,12.09%,$0.66B,$2.75B,24.36%,$865,$637,$228,$0,$34,$671,$194,$-3,$191,$68,$123,$123,$123,$230,$194,$133,134,$0.92,$0.92,$873,$408,$0,$1725,$1629,$44,$48,$113,$1834,$3559,$400,$764,$50,$1170,$1569,$1,$1510,$-11,$1990,$3559,$123,$36,$30,$65,$-8,$-9,$15,$-2,$-19,$116,$-151,$0,$0,$-96,$125,$29,$0,$-121,$0,$0,$0,$2,$2,$-13,$4,$-7,$-12,$1,$-13
23,2012-12-31,37.46,$13.99,2.68,$26.80,1.4,$5.17,7.25,$2.88,13.03,$1.75B,$0.40B,4.4,$0.76B,$1.87B,0.41,$3.57B,$0.74B,20.64%,$3.57B,$0.62B,17.25%,$3.57B,$0.62B,17.25%,$3.57B,$0.76B,21.31%,$3.57B,$0.59B,16.38%,$3.57B,$0.39B,10.81%,$0.39B,$1.87B,20.00%,$0.39B,$1.82B,20.13%,$0.39B,$3.41B,11.25%,$0.62B,$2.64B,22.86%,$801,$611,$190,$0,$34,$645,$156,$-8,$149,$53,$95,$95,$97,$192,$156,$133,133,$0.72,$0.72,$915,$399,$0,$1751,$1510,$44,$48,$0,$1661,$3412,$399,$764,$51,$1141,$1540,$1,$1399,$-11,$1872,$3412,$386,$146,$-20,$126,$6,$91,$-13,$-2,$115,$612,$-391,$0,$0,$0,$-80,$-80,$3,$-467,$-1,$0,$-1,$-0,$-0,$-286,$106,$-181,$-36,$6,$-286
24,2012-09-30,32.76,$15.24,2.15,$27.27,1.2,$4.90,6.69,$2.37,13.85,$2.00B,$0.36B,5.51,$0.76B,$2.03B,0.38,$3.63B,$0.62B,17.19%,$3.63B,$0.51B,14.05%,$3.63B,$0.51B,14.05%,$3.63B,$0.65B,17.99%,$3.63B,$0.48B,13.09%,$3.63B,$0.32B,8.68%,$0.32B,$2.03B,16.57%,$0.32B,$2.03B,16.68%,$0.32B,$3.54B,9.28%,$0.51B,$2.80B,19.13%,$821,$649,$172,$0,$30,$679,$143,$-17,$125,$38,$87,$87,$87,$181,$143,$133,133,$0.65,$0.65,$1198,$372,$0,$1998,$1394,$44,$0,$108,$1546,$3544,$363,$764,$49,$1148,$1511,$1,$1567,$-8,$2033,$3544,$290,$111,$-10,$101,$14,$119,$-36,$-2,$115,$493,$-241,$0,$0,$0,$45,$45,$1,$-195,$-1,$0,$-1,$-4,$-4,$-22,$102,$74,$373,$5,$-22
25,2012-06-30,23.37,$14.66,1.59,$28.40,0.82,$4.02,5.81,$2.22,10.53,$1.97B,$0.34B,5.83,$0.77B,$1.95B,0.39,$3.78B,$0.60B,15.86%,$3.78B,$0.48B,12.82%,$3.78B,$0.48B,12.82%,$3.78B,$0.62B,16.50%,$3.78B,$0.46B,12.08%,$3.78B,$0.30B,7.81%,$0.30B,$1.95B,16.16%,$0.30B,$1.95B,16.27%,$0.30B,$3.44B,8.91%,$0.48B,$2.72B,18.69%,$914,$712,$202,$0,$31,$743,$171,$5,$176,$61,$116,$116,$115,$207,$171,$133,133,$0.87,$0.86,$1111,$407,$0,$1971,$1310,$45,$0,$117,$1471,$3442,$338,$765,$50,$1152,$1490,$1,$1493,$-10,$1952,$3442,$203,$72,$-10,$62,$-11,$84,$-17,$-3,$46,$316,$-142,$0,$0,$1,$43,$44,$1,$-98,$0,$0,$0,$-6,$-6,$-10,$82,$66,$285,$3,$-10
26,2012-03-31,28.94,$13.98,2.07,$28.51,1.01,$3.16,9.16,$1.97,14.73,$1.80B,$0.31B,5.76,$0.77B,$1.86B,0.41,$3.79B,$0.56B,14.89%,$3.79B,$0.45B,11.91%,$3.79B,$0.45B,11.91%,$3.79B,$0.59B,15.53%,$3.79B,$0.41B,10.75%,$3.79B,$0.26B,6.87%,$0.26B,$1.86B,14.81%,$0.26B,$1.86B,14.91%,$0.26B,$3.33B,8.03%,$0.45B,$2.63B,17.90%,$1035,$862,$173,$0,$27,$889,$146,$-11,$135,$47,$88,$88,$87,$181,$146,$132,133,$0.66,$0.66,$895,$422,$0,$1796,$1264,$46,$0,$225,$1534,$3330,$312,$765,$50,$1155,$1467,$1,$1382,$3,$1863,$3330,$88,$36,$-1,$35,$-38,$68,$-28,$-2,$-21,$106,$-65,$0,$0,$-2,$0,$-2,$0,$-67,$0,$0,$0,$0,$0,$-5,$35,$31,$69,$2,$-5
27,2011-12-31,17.95,$13.20,1.36,$27.30,0.66,$2.95,6.09,$1.94,9.28,$1.76B,$0.37B,4.82,$0.77B,$1.76B,0.44,$3.62B,$0.56B,15.45%,$3.62B,$0.45B,12.32%,$3.62B,$0.45B,12.32%,$3.62B,$0.58B,16.05%,$3.62B,$0.40B,11.08%,$3.62B,$0.26B,7.07%,$0.26B,$1.76B,15.16%,$0.26B,$1.71B,15.27%,$0.26B,$3.27B,8.11%,$0.45B,$2.52B,18.18%,$859,$782,$77,$0,$27,$809,$50,$-11,$39,$13,$26,$26,$26,$84,$50,$132,133,$0.20,$0.20,$826,$491,$0,$1756,$1232,$47,$49,$96,$1511,$3267,$365,$765,$51,$1146,$1511,$1,$1299,$-9,$1756,$3267,$259,$133,$21,$154,$-46,$-41,$20,$3,$-44,$359,$-174,$0,$0,$0,$-30,$-30,$1,$-203,$0,$0,$0,$3,$3,$-18,$55,$39,$196,$6,$-18
28,2011-09-30,15.26,$12.98,1.18,$26.87,0.57,$3.10,4.93,$2.37,6.45,$1.72B,$0.33B,5.18,$0.77B,$1.73B,0.44,$3.56B,$0.65B,18.17%,$3.56B,$0.53B,14.99%,$3.56B,$0.53B,14.99%,$3.56B,$0.67B,18.76%,$3.56B,$0.49B,13.81%,$3.56B,$0.31B,8.78%,$0.31B,$1.73B,19.19%,$0.31B,$1.73B,19.19%,$0.31B,$3.21B,10.13%,$0.53B,$2.49B,22.30%,$968,$821,$147,$0,$30,$851,$117,$-11,$106,$38,$68,$68,$67,$151,$117,$132,133,$0.51,$0.51,$759,$466,$0,$1716,$1196,$47,$0,$248,$1491,$3207,$332,$765,$47,$1146,$1478,$1,$1278,$-18,$1729,$3207,$233,$100,$26,$125,$-101,$-16,$-10,$4,$-108,$244,$-109,$0,$0,$-30,$0,$-30,$1,$-139,$0,$0,$0,$5,$5,$-13,$31,$23,$129,$5,$-13
29,2011-06-30,23.07,$12.57,1.84,$25.51,0.9,$3.33,6.92,$2.34,9.88,$1.69B,$0.33B,5.12,$0.77B,$1.67B,0.46,$3.37B,$0.63B,18.83%,$3.37B,$0.52B,15.53%,$3.37B,$0.52B,15.53%,$3.37B,$0.66B,19.51%,$3.37B,$0.48B,14.32%,$3.37B,$0.31B,9.15%,$0.31B,$1.67B,19.89%,$0.31B,$1.67B,19.89%,$0.31B,$3.15B,10.46%,$0.52B,$2.44B,23.00%,$925,$758,$167,$0,$29,$787,$138,$-11,$127,$46,$81,$81,$80,$172,$138,$132,133,$0.61,$0.61,$712,$508,$0,$1689,$1180,$47,$0,$232,$1459,$3148,$330,$765,$48,$1144,$1474,$1,$1215,$-12,$1674,$3148,$165,$66,$20,$87,$-68,$-58,$19,$-5,$-124,$125,$-67,$0,$0,$-0,$0,$-0,$1,$-66,$0,$0,$0,$5,$5,$-8,$26,$23,$82,$3,$-8
30,2011-03-31,24.96,$11.98,2.08,$24.79,1.01,$3.08,8.1,$2.16,11.56,$1.54B,$0.28B,5.56,$0.77B,$1.60B,0.48,$3.26B,$0.59B,18.19%,$3.26B,$0.49B,14.88%,$3.26B,$0.49B,14.88%,$3.26B,$0.62B,18.93%,$3.26B,$0.45B,13.68%,$3.26B,$0.29B,8.74%,$0.29B,$1.60B,19.39%,$0.29B,$1.60B,19.39%,$0.29B,$3.01B,10.20%,$0.49B,$2.36B,22.74%,$867,$700,$168,$0,$27,$727,$141,$-12,$129,$45,$84,$84,$83,$174,$141,$131,132,$0.63,$0.63,$655,$446,$0,$1541,$1173,$47,$0,$246,$1466,$3007,$277,$765,$47,$1135,$1412,$1,$1138,$-12,$1595,$3007,$84,$33,$9,$42,$-47,$4,$-22,$2,$-90,$41,$-28,$0,$0,$-0,$0,$-0,$0,$-28,$0,$0,$0,$5,$5,$-4,$11,$12,$24,$2,$-4
31,2010-12-31,19.28,$11.36,1.7,$24.17,0.8,$2.46,7.85,$1.67,11.55,$1.48B,$0.32B,4.56,$0.76B,$1.51B,0.51,$3.17B,$0.48B,15.23%,$3.17B,$0.38B,11.92%,$3.17B,$0.38B,11.92%,$3.17B,$0.51B,16.08%,$3.17B,$0.34B,10.85%,$3.17B,$0.22B,6.94%,$0.22B,$1.51B,15.75%,$0.22B,$1.51B,15.75%,$0.22B,$2.95B,8.28%,$0.38B,$2.27B,18.92%,$795,$631,$164,$0,$27,$658,$137,$-8,$129,$45,$84,$84,$82,$170,$137,$131,131,$0.64,$0.63,$630,$450,$0,$1476,$1170,$46,$0,$262,$1478,$2954,$324,$764,$45,$1125,$1449,$1,$1059,$-12,$1505,$2954,$221,$131,$20,$150,$-33,$-81,$26,$-7,$-86,$283,$-80,$0,$0,$9,$-10,$-1,$1,$-80,$0,$0,$0,$4,$4,$-16,$194,$182,$385,$6,$-16
32,2010-09-30,13.25,$10.72,1.24,$22.93,0.58,$1.97,6.72,$1.14,11.68,$1.18B,$0.27B,4.32,$0.61B,$1.42B,0.43,$3.01B,$0.37B,12.18%,$3.01B,$0.26B,8.78%,$3.01B,$0.26B,8.78%,$3.01B,$0.40B,13.14%,$3.01B,$0.23B,7.65%,$3.01B,$0.15B,4.99%,$0.15B,$1.42B,11.18%,$0.15B,$1.42B,11.18%,$0.15B,$2.67B,5.93%,$0.26B,$2.03B,14.04%,$780,$645,$135,$0,$28,$672,$107,$-10,$97,$34,$63,$63,$63,$141,$107,$131,131,$0.48,$0.48,$428,$356,$0,$1181,$1165,$34,$0,$288,$1487,$2668,$274,$610,$49,$975,$1248,$1,$979,$-13,$1420,$2668,$137,$98,$19,$117,$-31,$14,$-30,$-8,$-38,$215,$-50,$0,$0,$7,$0,$7,$0,$-43,$0,$0,$0,$1,$1,$-12,$21,$11,$183,$5,$-12
33,2010-06-30,8.2,$10.27,0.8,$21.78,0.38,$1.87,4.39,$0.89,9.27,$1.13B,$0.31B,3.71,$0.52B,$1.36B,0.38,$2.86B,$0.30B,10.63%,$2.86B,$0.21B,7.21%,$2.86B,$0.21B,7.21%,$2.86B,$0.34B,11.72%,$2.86B,$0.18B,6.12%,$2.86B,$0.12B,4.09%,$0.12B,$1.36B,8.96%,$0.12B,$1.36B,8.96%,$0.12B,$2.54B,4.74%,$0.21B,$1.87B,11.31%,$818,$692,$126,$0,$26,$719,$100,$-9,$91,$34,$57,$57,$57,$132,$100,$131,131,$0.43,$0.43,$289,$370,$0,$1131,$1173,$34,$0,$206,$1413,$2544,$305,$515,$50,$881,$1186,$1,$920,$-13,$1358,$2544,$75,$65,$9,$74,$-97,$-1,$3,$-11,$-91,$56,$-31,$0,$0,$8,$0,$8,$0,$-22,$0,$0,$0,$1,$1,$-8,$17,$10,$43,$3,$-8
34,2010-03-31,11.36,$9.85,1.15,$19.90,0.57,$2.48,4.58,$0.59,19.42,$1.03B,$0.29B,3.55,$0.52B,$1.30B,0.4,$2.62B,$0.23B,8.94%,$2.62B,$0.14B,5.43%,$2.62B,$0.14B,5.43%,$2.62B,$0.27B,10.32%,$2.62B,$0.11B,4.32%,$2.62B,$0.08B,2.94%,$0.08B,$1.30B,6.02%,$0.08B,$1.30B,6.02%,$0.08B,$2.47B,3.19%,$0.14B,$1.82B,7.92%,$778,$721,$58,$0,$23,$744,$34,$-8,$27,$9,$18,$18,$18,$67,$34,$131,131,$0.14,$0.14,$185,$398,$0,$1028,$1183,$34,$0,$222,$1439,$2467,$290,$515,$48,$874,$1164,$1,$867,$-14,$1303,$2467,$18,$32,$2,$34,$-66,$-29,$16,$-5,$-97,$-55,$-15,$0,$0,$8,$0,$8,$0,$-7,$0,$0,$0,$0,$0,$-4,$5,$2,$-60,$1,$-4
35,2009-12-31,10.95,$9.74,1.12,$17.67,0.62,$3.68,2.98,$0.41,27.04,$0.99B,$0.29B,3.45,$0.52B,$1.29B,0.4,$2.33B,$0.20B,8.43%,$2.33B,$0.11B,4.60%,$2.33B,$0.11B,4.60%,$2.33B,$0.23B,9.93%,$2.33B,$0.08B,3.40%,$2.33B,$0.05B,2.28%,$0.05B,$1.29B,4.20%,$0.05B,$1.29B,4.20%,$0.05B,$2.45B,2.24%,$0.11B,$1.80B,6.03%,$630,$583,$47,$0,$24,$607,$23,$-8,$15,$3,$12,$12,$12,$55,$23,$131,131,$0.09,$0.09,$246,$369,$0,$988,$1194,$34,$0,$230,$1458,$2446,$287,$515,$50,$875,$1161,$1,$853,$-16,$1285,$2446,$53,$125,$37,$162,$6,$-41,$67,$-0,$39,$236,$-97,$0,$-6,$-1,$0,$-1,$0,$-103,$0,$0,$0,$1,$1,$-15,$37,$23,$155,$6,$-15
36,2009-09-30,11.27,$9.68,1.16,$17.40,0.65,$2.73,4.13,$-0.53,0.0,$0.95B,$0.26B,3.59,$0.52B,$1.28B,0.4,$2.29B,$0.01B,0.57%,$2.29B,$-0.08B,-3.58%,$2.29B,$-0.08B,-3.58%,$2.29B,$0.04B,1.79%,$2.29B,$-0.11B,-4.80%,$2.29B,$-0.07B,-3.01%,$-0.07B,$1.28B,-5.52%,$-0.07B,$1.28B,-5.52%,$-0.07B,$2.41B,-2.96%,$-0.08B,$1.79B,-4.66%,$633,$560,$73,$0,$24,$584,$49,$-7,$42,$12,$30,$30,$30,$81,$49,$132,132,$0.23,$0.23,$253,$312,$0,$945,$1186,$34,$0,$246,$1466,$2411,$264,$515,$45,$870,$1134,$1,$845,$-12,$1278,$2411,$41,$92,$34,$126,$4,$16,$50,$-3,$69,$213,$-62,$0,$-6,$1,$0,$1,$0,$-66,$0,$0,$0,$1,$1,$-11,$26,$16,$163,$4,$-11
37,2009-06-30,8.92,$9.50,0.94,$20.79,0.43,$1.20,7.44,$-0.55,0.0,$0.85B,$0.26B,3.25,$0.51B,$1.25B,0.41,$2.73B,$0.01B,0.44%,$2.73B,$-0.08B,-3.00%,$2.73B,$-0.08B,-3.00%,$2.73B,$0.04B,1.35%,$2.73B,$-0.11B,-4.02%,$2.73B,$-0.07B,-2.63%,$-0.07B,$1.25B,-5.67%,$-0.07B,$1.25B,-5.67%,$-0.07B,$2.34B,-3.03%,$-0.08B,$1.76B,-4.60%,$575,$519,$56,$0,$19,$539,$36,$-7,$29,$12,$17,$17,$17,$67,$36,$132,132,$0.13,$0.13,$204,$287,$0,$850,$1201,$33,$0,$251,$1485,$2335,$262,$510,$45,$826,$1087,$1,$819,$-13,$1248,$2335,$11,$61,$-11,$50,$26,$41,$34,$-4,$113,$153,$-47,$0,$-6,$0,$0,$0,$0,$-53,$0,$0,$0,$0,$0,$-7,$21,$14,$114,$3,$-7
38,2009-03-31,6.38,$9.34,0.68,$24.86,0.26,$-0.29,0.0,$-0.32,0.0,$0.78B,$0.21B,3.68,$0.51B,$1.23B,0.42,$3.27B,$0.05B,1.59%,$3.27B,$-0.04B,-1.35%,$3.27B,$-0.04B,-1.35%,$3.27B,$0.07B,2.17%,$3.27B,$-0.07B,-2.24%,$3.27B,$-0.04B,-1.29%,$-0.04B,$1.23B,-3.25%,$-0.04B,$1.23B,-3.25%,$-0.04B,$2.29B,-1.70%,$-0.04B,$1.74B,-2.43%,$488,$468,$20,$0,$21,$489,$-1,$-6,$-7,$-1,$-6,$-6,$-6,$28,$-1,$132,132,$-0.05,$-0.05,$179,$284,$0,$781,$1211,$32,$0,$264,$1507,$2288,$212,$510,$45,$845,$1057,$1,$805,$-13,$1231,$2288,$-6,$29,$8,$37,$66,$44,$21,$-3,$108,$120,$-33,$0,$-6,$-1,$0,$-1,$0,$-40,$0,$0,$0,$0,$0,$-3,$13,$9,$89,$1,$-3
39,2008-12-31,7.07,$9.44,0.75,$28.13,0.25,$-1.49,0.0,$-0.23,0.0,$0.80B,$0.21B,3.76,$0.51B,$1.24B,0.41,$3.69B,$0.07B,1.87%,$3.69B,$-0.03B,-0.79%,$3.69B,$-0.03B,-0.79%,$3.69B,$0.08B,2.25%,$3.69B,$-0.06B,-1.57%,$3.69B,$-0.03B,-0.84%,$-0.03B,$1.24B,-2.38%,$-0.03B,$1.24B,-2.38%,$-0.03B,$2.29B,-1.23%,$-0.03B,$1.75B,-1.58%,$597,$733,$-136,$0,$30,$763,$-166,$-8,$-174,$-65,$-110,$-110,$-110,$-135,$-166,$131,131,$-0.84,$-0.84,$90,$328,$0,$799,$1197,$30,$0,$260,$1488,$2287,$212,$510,$45,$836,$1048,$1,$815,$-13,$1239,$2287,$-30,$113,$10,$123,$149,$200,$-203,$7,$126,$186,$-172,$0,$0,$-0,$0,$-0,$0,$-172,$-1,$0,$-1,$0,$0,$-13,$66,$51,$65,$4,$-13
40,2008-09-30,9.1,$10.35,0.88,$30.07,0.3,$-2.16,0.0,$0.76,12.06,$1.11B,$0.39B,2.83,$0.52B,$1.36B,0.38,$3.95B,$0.25B,6.28%,$3.95B,$0.16B,3.98%,$3.95B,$0.16B,3.98%,$3.95B,$0.26B,6.69%,$3.95B,$0.13B,3.35%,$3.95B,$0.10B,2.48%,$0.10B,$1.36B,7.44%,$0.10B,$1.36B,7.44%,$0.10B,$2.60B,3.78%,$0.16B,$1.88B,8.49%,$1074,$1002,$72,$0,$23,$1025,$49,$-7,$42,$15,$27,$27,$27,$77,$49,$131,131,$0.21,$0.21,$22,$491,$0,$1108,$1182,$32,$0,$276,$1489,$2597,$392,$516,$39,$846,$1238,$1,$928,$-9,$1359,$2597,$80,$82,$10,$92,$-58,$37,$-41,$1,$-72,$77,$-127,$0,$0,$0,$0,$0,$0,$-126,$4,$0,$4,$0,$0,$-10,$53,$47,$-2,$3,$-10
41,2008-06-30,6.42,$10.17,0.63,$28.32,0.23,$-1.72,0.0,$0.84,7.64,$1.22B,$0.47B,2.62,$0.55B,$1.33B,0.41,$3.71B,$0.26B,7.06%,$3.71B,$0.17B,4.53%,$3.71B,$0.17B,4.53%,$3.71B,$0.27B,7.38%,$3.71B,$0.15B,3.91%,$3.71B,$0.11B,2.94%,$0.11B,$1.33B,8.42%,$0.11B,$1.33B,8.42%,$0.11B,$2.69B,4.32%,$0.17B,$1.88B,9.43%,$1106,$1010,$96,$0,$23,$1033,$74,$-7,$66,$19,$47,$47,$47,$101,$74,$131,131,$0.36,$0.36,$22,$514,$0,$1218,$1160,$32,$0,$277,$1468,$2686,$465,$549,$40,$887,$1352,$1,$904,$-9,$1334,$2686,$53,$54,$12,$66,$-135,$13,$27,$-7,$-106,$-8,$-81,$0,$0,$1,$0,$1,$0,$-81,$38,$0,$38,$0,$0,$-7,$55,$86,$-2,$2,$-7
42,2008-03-31,5.62,$9.82,0.57,$25.89,0.22,$-1.16,0.0,$0.77,7.29,$1.03B,$0.35B,2.95,$0.56B,$1.29B,0.43,$3.39B,$0.25B,7.38%,$3.39B,$0.16B,4.60%,$3.39B,$0.16B,4.60%,$3.39B,$0.26B,7.73%,$3.39B,$0.14B,4.01%,$3.39B,$0.10B,2.95%,$0.10B,$1.29B,7.88%,$0.10B,$1.29B,7.88%,$0.10B,$2.53B,4.17%,$0.16B,$1.84B,9.27%,$915,$878,$37,$0,$23,$901,$14,$-6,$8,$2,$5,$5,$5,$40,$14,$131,131,$0.04,$0.04,$8,$532,$0,$1033,$1143,$31,$0,$320,$1493,$2526,$351,$555,$43,$887,$1237,$1,$860,$-9,$1289,$2526,$5,$26,$4,$30,$43,$-4,$-55,$3,$-49,$-28,$-43,$0,$0,$0,$0,$0,$0,$-42,$43,$0,$43,$0,$0,$-3,$14,$54,$-17,$1,$-3
43,2007-12-31,8.15,$9.82,0.83,$24.41,0.33,$-1.09,0.0,$0.88,9.26,$1.09B,$0.44B,2.48,$0.51B,$1.29B,0.4,$3.19B,$0.27B,8.49%,$3.19B,$0.18B,5.48%,$3.19B,$0.18B,5.48%,$3.19B,$0.28B,8.74%,$3.19B,$0.16B,4.95%,$3.19B,$0.12B,3.60%,$0.12B,$1.29B,9.24%,$0.12B,$1.29B,9.24%,$0.12B,$2.57B,5.02%,$0.18B,$1.80B,11.00%,$851,$808,$43,$0,$23,$831,$20,$-4,$16,$-3,$19,$19,$19,$46,$20,$131,131,$0.14,$0.14,$25,$528,$0,$1092,$1126,$29,$0,$321,$1477,$2569,$441,$511,$42,$841,$1283,$1,$858,$-9,$1287,$2569,$115,$104,$7,$111,$-201,$-72,$77,$2,$-150,$62,$-136,$0,$8,$3,$-0,$3,$0,$-125,$1,$0,$1,$0,$0,$-12,$45,$35,$-28,$3,$-12
44,2007-09-30,10.84,$9.68,1.12,$21.94,0.49,$0.25,43.67,$0.85,12.83,$1.07B,$0.37B,2.9,$0.34B,$1.27B,0.26,$2.87B,$0.26B,9.04%,$2.87B,$0.16B,5.72%,$2.87B,$0.16B,5.72%,$2.87B,$0.27B,9.28%,$2.87B,$0.15B,5.23%,$2.87B,$0.11B,3.84%,$0.11B,$1.27B,9.05%,$0.11B,$1.27B,9.05%,$0.11B,$2.32B,5.07%,$0.16B,$1.60B,10.94%,$840,$754,$86,$0,$26,$780,$60,$-4,$55,$17,$38,$38,$38,$87,$60,$130,131,$0.30,$0.30,$139,$466,$0,$1066,$1100,$29,$0,$120,$1249,$2315,$367,$335,$48,$680,$1047,$1,$842,$-12,$1267,$2315,$96,$78,$17,$95,$-129,$-10,$29,$9,$-84,$95,$-86,$0,$8,$3,$-0,$3,$0,$-75,$75,$0,$75,$0,$0,$-9,$0,$67,$87,$2,$-9
45,2007-06-30,12.02,$9.39,1.28,$20.66,0.58,$1.05,11.45,$1.03,11.72,$0.94B,$0.34B,2.77,$0.26B,$1.23B,0.21,$2.70B,$0.28B,10.45%,$2.70B,$0.19B,7.08%,$2.70B,$0.19B,7.08%,$2.70B,$0.29B,10.64%,$2.70B,$0.18B,6.75%,$2.70B,$0.13B,4.97%,$0.13B,$1.23B,11.24%,$0.13B,$1.23B,11.24%,$0.13B,$2.17B,6.43%,$0.19B,$1.49B,13.11%,$783,$698,$84,$0,$22,$720,$62,$-5,$57,$20,$38,$38,$38,$89,$62,$130,131,$0.29,$0.29,$43,$465,$0,$937,$1087,$28,$0,$120,$1235,$2172,$339,$260,$47,$604,$943,$1,$807,$-12,$1230,$2172,$58,$51,$15,$66,$-93,$-8,$23,$1,$-81,$34,$-50,$0,$8,$4,$-0,$3,$0,$-39,$0,$0,$0,$0,$0,$-5,$0,$-5,$-10,$1,$-5
46,2007-03-31,11.58,$9.10,1.27,$19.80,0.59,$1.82,6.37,$1.25,9.27,$0.88B,$0.31B,2.87,$0.28B,$1.19B,0.24,$2.58B,$0.32B,12.50%,$2.58B,$0.24B,9.13%,$2.58B,$0.24B,9.13%,$2.58B,$0.33B,12.58%,$2.58B,$0.23B,8.94%,$2.58B,$0.16B,6.31%,$0.16B,$1.19B,14.02%,$0.16B,$1.19B,14.02%,$0.16B,$2.11B,8.04%,$0.24B,$1.47B,16.53%,$719,$661,$58,$0,$25,$686,$33,$-3,$30,$10,$20,$20,$20,$57,$33,$130,131,$0.15,$0.15,$13,$418,$0,$881,$1076,$27,$0,$126,$1230,$2110,$307,$281,$46,$612,$919,$1,$772,$-12,$1192,$2110,$20,$25,$4,$28,$-116,$39,$-17,$6,$-86,$-42,$-19,$0,$0,$4,$0,$4,$0,$-15,$21,$0,$21,$0,$0,$-3,$0,$18,$-39,$1,$-3
47,2006-12-31,13.37,$8.99,1.49,$19.04,0.7,$2.58,5.18,$1.50,8.94,$0.85B,$0.32B,2.64,$0.26B,$1.17B,0.22,$2.48B,$0.40B,15.94%,$2.48B,$0.31B,12.64%,$2.48B,$0.31B,12.64%,$2.48B,$0.40B,16.10%,$2.48B,$0.28B,11.35%,$2.48B,$0.19B,7.81%,$0.19B,$1.17B,17.24%,$0.19B,$1.17B,17.24%,$0.19B,$2.08B,9.93%,$0.31B,$1.43B,22.66%,$524,$493,$31,$0,$23,$515,$9,$-0,$8,$-6,$14,$14,$14,$33,$9,$130,131,$0.11,$0.11,$53,$456,$0,$850,$1077,$26,$0,$129,$1232,$2082,$322,$260,$45,$587,$909,$1,$755,$-12,$1174,$2082,$195,$87,$22,$109,$-7,$-47,$59,$-7,$-18,$237,$-136,$0,$-236,$-28,$-5,$-33,$0,$-404,$-7,$0,$-7,$2,$2,$-9,$-4,$-18,$-185,$2,$-9
