,Date,Stock Price,Book Value per Share,Price to Book Ratio,TTM Sales per Share,Price to Sales Ratio,TTM FCF per Share,Price to FCF Ratio,TTM Net EPS,PE Ratio,Current Assets,Current Liabilities,Current Ratio,Long Term Debt,Shareholder's Equity_x,Debt to Equity Ratio,TTM Revenue_x,TTM Gross Profit,Gross Margin,TTM Revenue_y,TTM Operating Income,Operating Margin,TTM Revenue_x,TTM EBIT,EBIT Margin,TTM Revenue_y,TTM EBITDA,EBITDA Margin,TTM Revenue_x,TTM Pre-Tax Income,Pre-Tax Margin,TTM Revenue_y,TTM Net Income_x,Net Margin,TTM Net Income_y,Shareholder's Equity_y,Return on Equity,TTM Net Income_x,Tangible Equity,Return on Tangible Equity,TTM Net Income_y,Total Assets,Return on Assets,TTM Net Income,LT Investments & Debt,Return on Investment,revenue,cost-goods-sold,gross-profit,research-development-expenses,selling-general-administrative-expenses,operating-expenses,operating-income,total-non-operating-income-expense,pre-tax-income,total-provision-income-taxes,income-after-taxes,income-from-continuous-operations,net-income,ebitda,ebit,basic-shares-outstanding,shares-outstanding,eps-basic-net-earnings-per-share,eps-earnings-per-share-diluted,cash-on-hand,inventory,other-current-assets,total-current-assets,net-property-plant-equipment,long-term-investments,goodwill-intangible-assets-total,other-long-term-assets,total-long-term-assets,total-assets,total-current-liabilities,long-term-debt,other-non-current-liabilities,total-long-term-liabilities,total-liabilities,common-stock-net,retained-earnings-accumulated-deficit,comprehensive-income,total-share-holder-equity,total-liabilities-share-holders-equity,net-income-loss,total-depreciation-amortization-cash-flow,other-non-cash-items,total-non-cash-items,change-in-accounts-receivable,change-in-inventories,change-in-accounts-payable,change-in-assets-liabilities,total-change-in-assets-liabilities,cash-flow-from-operating-activities,net-change-in-property-plant-equipment,net-change-in-intangible-assets,net-acquisitions-divestitures,net-change-in-short-term-investments,net-change-in-long-term-investments,net-change-in-investments-total,investing-activities-other,cash-flow-from-investing-activities,net-long-term-debt,net-current-debt,debt-issuance-retirement-net-total,net-common-equity-issued-repurchased,net-total-equity-issued-repurchased,total-common-preferred-stock-dividends-paid,financial-activities-other,cash-flow-from-financial-activities,net-cash-flow,stock-based-compensation,common-stock-dividends-paid
0,2018-09-30,53.04,$44.67,1.19,$22.77,2.33,$10.43,5.08,$-7.30,0.0,$0.35B,$0.63B,0.56,$2.84B,$4.06B,0.7,$2.08B,$0.63B,30.40%,$2.08B,$-0.60B,-28.67%,$2.08B,$-0.60B,-28.67%,$2.08B,$0.28B,13.59%,$2.08B,$-0.82B,-39.53%,$2.08B,$-0.66B,-31.70%,$-0.66B,$4.06B,-16.65%,$-0.66B,$4.06B,-16.65%,$-0.66B,$7.71B,-8.46%,$-0.60B,$6.90B,-8.81%,$567,$150,$417,$0,$32,$397,$169,$-48,$121,$0,$121,$121,$121,$371,$169,$91,92,$1.33,$1.32,$14,$0,$0,$353,$7320,$0,$0,$37,$7357,$7709,$626,$2835,$184,$3020,$3645,$0,$-2348,$0,$4064,$7709,$139,$598,$45,$643,$-33,$0,$0,$16,$25,$807,$-717,$0,$0,$0,$0,$0,$0,$-717,$-940,$0,$-940,$0,$0,$0,$-15,$-955,$-865,$10,$0
1,2018-06-30,52.72,$43.30,1.22,$20.18,2.61,$15.72,3.35,$-11.78,0.0,$0.34B,$0.67B,0.51,$2.78B,$3.94B,0.71,$1.84B,$0.40B,21.97%,$1.84B,$-1.25B,-67.81%,$1.84B,$-1.25B,-67.81%,$1.84B,$-0.35B,-19.14%,$1.84B,$-1.47B,-80.10%,$1.84B,$-1.07B,-58.02%,$-1.07B,$3.94B,-25.85%,$-1.07B,$3.94B,-25.85%,$-1.07B,$7.56B,-13.34%,$-1.25B,$6.72B,-17.91%,$526,$146,$380,$0,$32,$477,$50,$-48,$2,$0,$2,$2,$2,$254,$50,$91,92,$0.02,$0.02,$17,$0,$0,$342,$7185,$0,$0,$35,$7219,$7562,$674,$2778,$170,$2949,$3622,$0,$-2469,$0,$3939,$7562,$17,$397,$75,$472,$-5,$0,$0,$10,$54,$543,$-389,$0,$0,$0,$0,$0,$-13,$-402,$-990,$0,$-990,$0,$0,$0,$-14,$-1004,$-863,$6,$0
2,2018-03-31,33.84,$43.28,0.78,$17.88,1.89,$16.58,2.04,$-12.52,0.0,$0.33B,$0.57B,0.58,$2.86B,$3.94B,0.73,$1.63B,$0.20B,12.12%,$1.63B,$-1.35B,-83.32%,$1.63B,$-1.35B,-83.32%,$1.63B,$-0.44B,-26.95%,$1.63B,$-1.58B,-97.17%,$1.63B,$-1.14B,-69.85%,$-1.14B,$3.94B,-25.84%,$-1.14B,$3.94B,-25.84%,$-1.14B,$7.53B,-13.41%,$-1.35B,$6.80B,-18.42%,$515,$145,$370,$0,$31,$417,$98,$-83,$15,$0,$15,$15,$15,$291,$98,$91,91,$0.17,$0.16,$31,$0,$0,$329,$7178,$0,$0,$26,$7204,$7533,$568,$2861,$168,$3029,$3597,$0,$-2471,$0,$3936,$7533,$15,$193,$17,$210,$13,$0,$0,$-11,$8,$233,$-177,$0,$0,$0,$0,$0,$0,$-177,$-900,$0,$-900,$0,$0,$0,$-4,$-904,$-849,$5,$0
3,2017-12-31,26.48,$43.21,0.61,$16.34,1.62,$19.54,1.36,$-13.64,0.0,$1.19B,$1.55B,0.77,$2.77B,$3.92B,0.71,$1.48B,$0.05B,3.71%,$1.48B,$-1.53B,-103.31%,$1.48B,$-1.53B,-103.31%,$1.48B,$-0.56B,-37.95%,$1.48B,$-1.72B,-116.14%,$1.48B,$-1.24B,-83.52%,$-1.24B,$3.92B,-26.47%,$-1.24B,$3.92B,-26.47%,$-1.24B,$8.40B,-13.86%,$-1.53B,$6.68B,-19.85%,$474,$1009,$-534,$0,$32,$1389,$-914,$-47,$-961,$-163,$-798,$-798,$-798,$-633,$-914,$91,91,$-8.80,$-8.80,$879,$0,$0,$1190,$7183,$0,$0,$30,$7213,$8403,$1553,$2765,$166,$2931,$4484,$0,$-2486,$0,$3919,$8403,$-1238,$968,$970,$1938,$-111,$0,$0,$23,$-123,$577,$73,$0,$0,$0,$0,$0,$0,$73,$175,$0,$175,$0,$0,$0,$-19,$156,$806,$22,$0
4,2017-09-30,21.84,$52.00,0.42,$16.55,1.32,$18.01,1.21,$-7.20,0.0,$0.27B,$0.46B,0.59,$2.93B,$4.72B,0.62,$1.35B,$0.78B,57.70%,$1.35B,$-0.75B,-55.33%,$1.35B,$-0.75B,-55.33%,$1.35B,$0.47B,34.81%,$1.35B,$-1.20B,-89.04%,$1.35B,$-0.61B,-45.33%,$-0.61B,$4.72B,-12.29%,$-0.61B,$4.72B,-12.29%,$-0.61B,$8.50B,-6.59%,$-0.75B,$7.65B,-9.10%,$324,$136,$188,$0,$30,$805,$-481,$-48,$-529,$-242,$-286,$-286,$-286,$-264,$-481,$91,91,$-3.16,$-3.16,$11,$0,$0,$269,$8198,$0,$0,$36,$8233,$8503,$459,$2931,$234,$3327,$3787,$0,$-1688,$0,$4716,$8503,$-439,$686,$203,$890,$-51,$0,$0,$-23,$-160,$290,$278,$0,$0,$0,$0,$0,$0,$278,$-625,$0,$-625,$0,$0,$0,$-5,$-630,$-62,$19,$0
5,2017-06-30,22.04,$55.08,0.4,$17.47,1.26,$14.84,1.48,$-13.92,0.0,$0.29B,$0.47B,0.62,$3.28B,$5.00B,0.66,$1.34B,$0.77B,57.23%,$1.34B,$-0.56B,-42.03%,$1.34B,$-0.56B,-42.03%,$1.34B,$0.75B,55.96%,$1.34B,$-1.01B,-75.19%,$1.34B,$-1.02B,-75.93%,$-1.02B,$5.00B,-20.57%,$-1.02B,$5.00B,-20.57%,$-1.02B,$9.41B,-10.52%,$-0.56B,$8.27B,-6.66%,$312,$139,$173,$0,$32,$368,$-57,$-47,$-104,$-38,$-66,$-66,$-66,$168,$-57,$91,91,$-0.73,$-0.73,$23,$0,$27,$291,$9042,$0,$0,$73,$9114,$9405,$469,$3275,$265,$3941,$4409,$0,$-1402,$0,$4996,$9405,$-153,$469,$-7,$462,$-37,$0,$0,$-21,$-118,$191,$39,$0,$0,$0,$0,$0,$0,$39,$-275,$0,$-275,$0,$0,$0,$-5,$-280,$-50,$13,$0
6,2017-03-31,37.84,$55.84,0.68,$20.00,1.89,$9.65,3.92,$-18.52,0.0,$0.24B,$0.44B,0.55,$3.17B,$5.06B,0.63,$1.37B,$0.77B,56.62%,$1.37B,$-0.66B,-48.35%,$1.37B,$-0.66B,-48.35%,$1.37B,$0.75B,54.65%,$1.37B,$-1.32B,-96.27%,$1.37B,$-1.25B,-91.73%,$-1.25B,$5.06B,-25.62%,$-1.25B,$5.06B,-25.62%,$-1.25B,$9.39B,-12.50%,$-0.66B,$8.23B,-7.48%,$371,$143,$228,$0,$31,$449,$-78,$-49,$-126,$-39,$-87,$-87,$-87,$167,$-78,$91,91,$-0.96,$-0.96,$16,$0,$0,$244,$9045,$0,$0,$99,$9144,$9388,$443,$3168,$240,$3881,$4324,$0,$-1336,$0,$5063,$9388,$-87,$245,$19,$263,$-11,$0,$0,$-10,$-96,$80,$243,$0,$0,$0,$0,$0,$0,$243,$-375,$0,$-375,$0,$0,$0,$-5,$-380,$-57,$6,$0
7,2016-12-31,48.08,$56.90,0.85,$21.58,2.23,$1.89,25.41,$-20.92,0.0,$0.62B,$0.48B,1.3,$3.54B,$5.15B,0.69,$1.29B,$0.66B,51.32%,$1.29B,$-0.83B,-64.46%,$1.29B,$-0.83B,-64.46%,$1.29B,$0.66B,51.63%,$1.29B,$-1.43B,-110.96%,$1.29B,$-1.34B,-104.12%,$-1.34B,$5.15B,-28.03%,$-1.34B,$5.15B,-28.03%,$-1.34B,$9.88B,-12.77%,$-0.83B,$8.68B,-8.96%,$343,$153,$190,$0,$35,$474,$-131,$-312,$-443,$-270,$-173,$-173,$-173,$399,$-131,$63,63,$-2.71,$-2.71,$73,$0,$349,$623,$9143,$0,$0,$110,$9254,$9876,$478,$3535,$238,$4249,$4727,$0,$-1249,$0,$5149,$9876,$-1339,$1493,$389,$1881,$155,$0,$0,$-32,$53,$595,$-240,$0,$0,$0,$0,$0,$17,$-223,$-292,$0,$-292,$0,$0,$0,$-23,$-315,$57,$26,$0
8,2016-09-30,34.96,$64.77,0.54,$25.66,1.36,$-22.79,0.0,$-20.48,0.0,$0.29B,$0.40B,0.72,$4.09B,$4.60B,0.89,$1.41B,$0.73B,51.49%,$1.41B,$-0.63B,-44.60%,$1.41B,$-0.63B,-44.60%,$1.41B,$0.67B,47.66%,$1.41B,$-1.13B,-80.33%,$1.41B,$-1.27B,-89.84%,$-1.27B,$4.60B,-27.03%,$-1.27B,$4.60B,-27.03%,$-1.27B,$10.07B,-11.65%,$-0.63B,$8.69B,-6.56%,$316,$139,$177,$0,$34,$613,$-298,$-38,$-336,$358,$-693,$-693,$-693,$17,$-298,$70,70,$-9.88,$-9.88,$18,$0,$34,$287,$9668,$0,$0,$111,$9779,$10066,$398,$4086,$201,$5064,$5462,$0,$-1075,$0,$4604,$10066,$-1166,$962,$581,$1543,$120,$0,$0,$-32,$-19,$358,$-141,$0,$0,$0,$0,$0,$0,$-141,$-192,$0,$-192,$0,$0,$0,$-23,$-215,$2,$20,$0
9,2016-06-30,37.04,$77.40,0.48,$31.11,1.19,$-44.30,0.0,$-47.16,0.0,$0.32B,$0.43B,0.75,$4.96B,$4.77B,1.04,$1.60B,$-0.81B,-50.31%,$1.60B,$-2.91B,-182.06%,$1.60B,$-2.91B,-182.06%,$1.60B,$-0.73B,-45.88%,$1.60B,$-3.26B,-203.44%,$1.60B,$-2.44B,-152.31%,$-2.44B,$4.77B,-51.39%,$-2.44B,$4.77B,-51.39%,$-2.44B,$10.81B,-21.64%,$-2.91B,$9.73B,-29.34%,$337,$158,$179,$0,$34,$491,$-154,$-257,$-411,$-110,$-301,$-301,$-301,$164,$-154,$57,57,$-5.32,$-5.32,$15,$0,$49,$320,$10414,$0,$0,$72,$10486,$10806,$427,$4961,$203,$5613,$6041,$0,$-382,$0,$4765,$10806,$-473,$648,$48,$696,$96,$0,$0,$-45,$-16,$207,$-357,$0,$0,$0,$0,$0,$0,$-357,$158,$0,$158,$0,$0,$0,$-9,$149,$-1,$13,$0
10,2016-03-31,31.92,$89.88,0.36,$36.71,0.87,$-59.60,0.0,$-44.76,0.0,$0.42B,$0.49B,0.85,$5.34B,$4.59B,1.16,$1.85B,$-0.65B,-35.19%,$1.85B,$-2.79B,-150.78%,$1.85B,$-2.79B,-150.78%,$1.85B,$-0.60B,-32.22%,$1.85B,$-3.07B,-165.73%,$1.85B,$-2.29B,-123.31%,$-2.29B,$4.59B,-43.71%,$-2.29B,$4.59B,-45.62%,$-2.29B,$11.18B,-18.86%,$-2.79B,$9.93B,-26.65%,$290,$176,$114,$0,$45,$536,$-246,$9,$-237,$-65,$-172,$-172,$-172,$84,$-246,$51,51,$-3.36,$-3.36,$1,$0,$128,$420,$10669,$0,$0,$93,$10762,$11181,$491,$5335,$189,$6097,$6589,$0,$-81,$0,$4593,$11181,$-172,$330,$-76,$254,$71,$0,$0,$-57,$-36,$46,$-260,$0,$0,$0,$0,$0,$0,$-260,$200,$0,$200,$0,$0,$0,$-1,$199,$-15,$7,$0
11,2015-12-31,37.76,$93.24,0.4,$43.56,0.87,$-74.81,0.0,$-43.92,0.0,$0.54B,$0.60B,0.89,$5.20B,$4.76B,1.09,$2.09B,$-0.53B,-25.24%,$2.09B,$-2.64B,-126.39%,$2.09B,$-2.64B,-126.39%,$2.09B,$-0.50B,-23.76%,$2.09B,$-2.99B,-143.12%,$2.09B,$-2.22B,-106.07%,$-2.22B,$4.76B,-38.41%,$-2.22B,$4.76B,-41.56%,$-2.22B,$11.39B,-17.16%,$-2.64B,$9.96B,-24.01%,$465,$210,$255,$0,$39,$395,$70,$-217,$-147,$-48,$-99,$-99,$-99,$406,$70,$49,49,$-3.41,$-3.41,$16,$0,$159,$535,$10750,$0,$0,$104,$10854,$11389,$600,$5198,$190,$6031,$6630,$0,$91,$0,$4759,$11389,$-2219,$2147,$1070,$3217,$207,$0,$0,$-20,$54,$1051,$-1982,$0,$0,$0,$0,$0,$0,$-1982,$-190,$0,$-190,$1114,$1114,$0,$-56,$869,$-62,$28,$0
12,2015-09-30,61.08,$95.03,0.64,$56.77,1.08,$-89.89,0.0,$-52.72,0.0,$0.56B,$0.76B,0.73,$5.26B,$4.85B,1.08,$2.32B,$-1.03B,-44.47%,$2.32B,$-3.24B,-139.26%,$2.32B,$-3.24B,-139.26%,$2.32B,$-1.13B,-48.60%,$2.32B,$-3.39B,-145.98%,$2.32B,$-2.47B,-106.50%,$-2.47B,$4.85B,-41.15%,$-2.47B,$4.85B,-46.19%,$-2.47B,$11.67B,-18.21%,$-3.24B,$10.11B,-28.51%,$508,$1861,$-1353,$0,$45,$3091,$-2583,$123,$-2460,$-595,$-1865,$-1865,$-1865,$-1388,$-2583,$51,51,$-36.56,$-36.56,$38,$0,$126,$558,$10947,$0,$0,$167,$11114,$11672,$764,$5255,$165,$6058,$6822,$0,$189,$0,$4850,$11672,$-2121,$1812,$1112,$2923,$188,$0,$0,$-30,$99,$901,$-1840,$0,$0,$0,$0,$0,$0,$-1840,$-160,$0,$-160,$1114,$1114,$0,$-56,$899,$-40,$21,$0
13,2015-06-30,134.4,$131.43,1.02,$73.90,1.82,$-95.82,0.0,$-10.88,0.0,$0.60B,$0.80B,0.74,$5.25B,$6.71B,0.78,$2.63B,$0.91B,34.63%,$2.63B,$-0.39B,-14.65%,$2.63B,$-0.39B,-14.65%,$2.63B,$0.81B,30.67%,$2.63B,$-0.68B,-25.88%,$2.63B,$-0.45B,-17.16%,$-0.45B,$6.71B,-7.69%,$-0.45B,$5.83B,-8.66%,$-0.45B,$14.21B,-3.45%,$-0.39B,$11.95B,-3.64%,$590,$258,$332,$0,$45,$625,$-35,$-192,$-227,$-77,$-149,$-149,$-149,$301,$-35,$51,51,$-2.92,$-2.92,$60,$0,$32,$597,$12601,$0,$876,$140,$13617,$14214,$803,$5245,$186,$6703,$7506,$0,$2054,$0,$6708,$14214,$-255,$616,$183,$799,$89,$0,$0,$5,$-16,$528,$-1445,$0,$0,$0,$0,$0,$0,$-1445,$-160,$0,$-160,$1114,$1114,$0,$-55,$899,$-18,$13,$0
14,2015-03-31,123.6,$134.37,0.92,$90.19,1.37,$-92.20,0.0,$-2.92,0.0,$0.76B,$0.88B,0.87,$5.24B,$6.79B,0.77,$2.87B,$1.20B,41.58%,$2.87B,$-0.04B,-1.29%,$2.87B,$-0.04B,-1.29%,$2.87B,$1.08B,37.61%,$2.87B,$-0.20B,-7.03%,$2.87B,$-0.15B,-5.25%,$-0.15B,$6.79B,-2.90%,$-0.15B,$5.91B,-3.16%,$-0.15B,$14.45B,-1.27%,$-0.04B,$12.03B,-0.40%,$529,$292,$238,$0,$44,$625,$-96,$-64,$-160,$-54,$-106,$-106,$-106,$184,$-96,$42,42,$-2.52,$-2.52,$106,$0,$110,$763,$12636,$0,$876,$177,$13689,$14452,$881,$5236,$204,$6781,$7662,$0,$2204,$0,$6790,$14452,$-106,$280,$22,$301,$38,$0,$0,$-2,$7,$202,$-1022,$0,$0,$0,$0,$0,$0,$-1022,$-155,$0,$-155,$1053,$1053,$0,$-50,$847,$28,$7,$0
15,2014-12-31,132.0,$136.69,0.97,$102.35,1.29,$-81.33,0.0,$3.24,40.74,$0.84B,$1.16B,0.73,$5.60B,$5.70B,0.98,$3.09B,$1.48B,47.97%,$3.09B,$0.32B,10.21%,$3.09B,$0.32B,10.21%,$3.09B,$1.39B,44.93%,$3.09B,$0.14B,4.64%,$3.09B,$0.06B,2.07%,$0.06B,$5.70B,1.42%,$0.06B,$4.83B,1.49%,$0.06B,$13.99B,0.61%,$0.32B,$11.31B,3.98%,$696,$946,$-250,$0,$72,$1217,$-521,$-23,$-544,$-191,$-354,$-354,$-354,$-226,$-521,$31,31,$-11.96,$-11.84,$78,$0,$136,$843,$12143,$0,$876,$132,$13150,$13993,$1161,$5602,$188,$7129,$8290,$0,$2310,$0,$5703,$13993,$65,$1071,$800,$1871,$18,$0,$0,$-52,$-120,$1815,$-2861,$0,$0,$0,$0,$0,$0,$-2861,$475,$0,$475,$2,$2,$0,$-53,$424,$-621,$23,$0
16,2014-09-30,310.2,$143.19,2.17,$103.72,2.99,$-50.71,0.0,$11.96,25.94,$0.51B,$0.83B,0.62,$2.75B,$4.26B,0.65,$3.11B,$1.95B,62.72%,$3.11B,$0.77B,24.67%,$3.11B,$0.77B,24.67%,$3.11B,$1.79B,57.45%,$3.11B,$0.61B,19.56%,$3.11B,$0.36B,11.55%,$0.36B,$4.26B,8.90%,$0.36B,$4.26B,8.90%,$0.36B,$9.62B,3.90%,$0.77B,$7.02B,11.43%,$813,$223,$590,$0,$37,$546,$267,$-16,$251,$93,$158,$158,$158,$547,$267,$30,30,$5.32,$5.28,$28,$0,$0,$512,$8990,$0,$0,$115,$9105,$9617,$832,$2753,$175,$4523,$5355,$0,$2663,$0,$4262,$9617,$418,$776,$336,$1112,$-112,$0,$0,$9,$-181,$1349,$-2080,$0,$0,$0,$0,$0,$0,$-2080,$100,$0,$100,$1,$1,$0,$-42,$59,$-671,$17,$0
17,2014-06-30,321.0,$137.74,2.33,$104.45,3.07,$-27.53,0.0,$13.52,23.74,$0.73B,$0.94B,0.78,$2.65B,$4.10B,0.65,$3.13B,$1.97B,63.13%,$3.13B,$0.84B,26.99%,$3.13B,$0.84B,26.99%,$3.13B,$1.80B,57.47%,$3.13B,$0.66B,21.17%,$3.13B,$0.41B,12.95%,$0.41B,$4.10B,10.28%,$0.41B,$4.10B,10.28%,$0.41B,$9.36B,4.46%,$0.84B,$6.75B,12.80%,$836,$219,$617,$0,$36,$523,$313,$-61,$251,$100,$151,$151,$151,$576,$313,$30,30,$5.08,$5.04,$227,$0,$0,$733,$8497,$0,$0,$129,$8626,$9359,$941,$2654,$162,$4320,$5262,$0,$2505,$0,$4097,$9359,$260,$496,$248,$744,$-123,$0,$0,$2,$-113,$892,$-1322,$0,$0,$0,$0,$0,$0,$-1322,$0,$0,$0,$0,$0,$0,$-42,$-42,$-472,$11,$0
18,2014-03-31,277.56,$132.53,2.09,$98.92,2.81,$-29.88,0.0,$13.04,21.29,$0.82B,$0.73B,1.13,$2.65B,$3.94B,0.67,$2.96B,$1.82B,61.52%,$2.96B,$0.74B,25.04%,$2.96B,$0.74B,25.04%,$2.96B,$1.65B,55.77%,$2.96B,$0.62B,20.95%,$2.96B,$0.39B,13.16%,$0.39B,$3.94B,10.14%,$0.39B,$3.94B,10.14%,$0.39B,$8.98B,4.44%,$0.74B,$6.60B,11.69%,$740,$217,$523,$0,$32,$485,$256,$-70,$185,$76,$109,$109,$109,$489,$256,$30,30,$3.68,$3.64,$406,$0,$0,$823,$7977,$0,$0,$182,$8159,$8982,$727,$2654,$242,$4313,$5040,$0,$2354,$0,$3941,$8982,$109,$233,$116,$349,$-37,$0,$0,$-13,$-134,$324,$-580,$0,$0,$0,$0,$0,$0,$-580,$0,$0,$0,$0,$0,$0,$-37,$-37,$-293,$7,$0
19,2013-12-31,247.48,$129.34,1.91,$94.81,2.61,$-30.87,0.0,$12.28,20.15,$1.07B,$0.78B,1.38,$2.65B,$3.84B,0.69,$2.83B,$1.72B,60.82%,$2.83B,$0.68B,24.01%,$2.83B,$0.68B,24.01%,$2.83B,$1.55B,54.81%,$2.83B,$0.57B,20.23%,$2.83B,$0.37B,12.94%,$0.37B,$3.84B,9.79%,$0.37B,$3.84B,9.79%,$0.37B,$8.83B,4.34%,$0.68B,$6.49B,11.27%,$720,$501,$220,$0,$30,$790,$-69,$-10,$-79,$-20,$-59,$-59,$-59,$174,$-69,$30,30,$-2.00,$-2.04,$699,$0,$1,$1070,$7595,$0,$0,$169,$7764,$8833,$778,$2654,$208,$4219,$4997,$0,$2245,$0,$3837,$8833,$366,$872,$453,$1325,$-23,$0,$0,$26,$53,$1745,$-1849,$0,$0,$-11,$0,$-11,$-43,$-1902,$850,$0,$850,$0,$0,$-1,$-37,$812,$655,$22,$0
20,2013-09-30,239.4,$131.14,1.83,$90.10,2.66,$-50.93,0.0,$17.04,14.05,$1.40B,$0.99B,1.42,$2.65B,$3.89B,0.68,$2.69B,$1.85B,68.83%,$2.69B,$0.78B,29.20%,$2.69B,$0.78B,29.20%,$2.69B,$1.60B,59.40%,$2.69B,$0.78B,29.09%,$2.69B,$0.51B,18.85%,$0.51B,$3.89B,13.90%,$0.51B,$3.89B,13.90%,$0.51B,$9.13B,6.29%,$0.78B,$6.54B,13.71%,$831,$217,$614,$0,$50,$487,$344,$-38,$305,$101,$204,$204,$204,$558,$344,$30,30,$6.88,$6.84,$1026,$0,$0,$1401,$7566,$0,$0,$160,$7726,$9127,$988,$2654,$222,$4248,$5237,$0,$2304,$-0,$3890,$9127,$425,$628,$188,$816,$-43,$0,$-18,$46,$13,$1254,$-1289,$0,$0,$-11,$0,$-11,$-43,$-1342,$1104,$0,$1104,$0,$0,$-1,$-35,$1068,$981,$17,$0
21,2013-06-30,184.36,$124.07,1.49,$80.13,2.3,$-67.44,0.0,$13.00,14.18,$1.10B,$0.93B,1.18,$2.00B,$3.68B,0.54,$2.38B,$1.60B,67.24%,$2.38B,$0.61B,25.38%,$2.38B,$0.61B,25.38%,$2.38B,$1.38B,57.68%,$2.38B,$0.61B,25.55%,$2.38B,$0.39B,16.15%,$0.39B,$3.68B,10.97%,$0.39B,$3.68B,10.97%,$0.39B,$8.12B,5.14%,$0.61B,$5.68B,11.37%,$664,$202,$461,$0,$29,$455,$209,$-1,$208,$73,$135,$135,$135,$427,$209,$29,30,$4.56,$4.56,$23,$0,$702,$1097,$6881,$0,$0,$140,$7021,$8118,$929,$2000,$223,$3509,$4437,$0,$2100,$-1,$3680,$8118,$221,$414,$164,$578,$-28,$0,$0,$12,$-59,$740,$-1237,$0,$0,$-10,$0,$-10,$43,$-1203,$450,$0,$450,$0,$0,$-1,$-8,$441,$-21,$12,$0
22,2013-03-31,203.36,$120.19,1.69,$74.71,2.72,$-63.06,0.0,$13.52,15.04,$0.37B,$0.82B,0.45,$1.85B,$3.54B,0.52,$2.22B,$1.49B,66.88%,$2.22B,$0.65B,29.43%,$2.22B,$0.65B,29.43%,$2.22B,$1.36B,61.21%,$2.22B,$0.64B,28.89%,$2.22B,$0.40B,18.05%,$0.40B,$3.54B,11.76%,$0.40B,$3.54B,11.76%,$0.40B,$7.64B,5.66%,$0.65B,$5.39B,12.88%,$613,$188,$425,$0,$29,$418,$195,$-57,$138,$52,$86,$86,$86,$391,$195,$29,30,$2.92,$2.88,$8,$0,$0,$367,$7130,$0,$0,$146,$7276,$7642,$820,$1850,$215,$3282,$4102,$0,$1965,$-1,$3541,$7642,$86,$196,$96,$292,$-14,$0,$0,$-13,$-80,$298,$-581,$0,$0,$-2,$0,$-2,$-45,$-628,$300,$0,$300,$0,$0,$-0,$-5,$294,$-37,$7,$0
23,2012-12-31,173.48,$117.42,1.48,$73.10,2.37,$-59.72,0.0,$13.96,12.43,$0.38B,$0.64B,0.6,$1.80B,$3.45B,0.52,$2.17B,$1.46B,67.10%,$2.17B,$0.67B,30.60%,$2.17B,$0.67B,30.60%,$2.17B,$1.33B,61.21%,$2.17B,$0.66B,30.42%,$2.17B,$0.41B,19.01%,$0.41B,$3.45B,12.49%,$0.41B,$3.45B,12.49%,$0.41B,$7.27B,6.13%,$0.67B,$5.25B,13.79%,$577,$229,$348,$0,$24,$541,$36,$94,$130,$48,$82,$82,$81,$219,$36,$29,30,$2.76,$2.72,$45,$0,$0,$384,$6764,$0,$0,$124,$6888,$7272,$637,$1800,$208,$3182,$3819,$0,$1879,$-1,$3453,$7272,$414,$665,$255,$920,$-56,$0,$0,$62,$67,$1401,$-2102,$0,$322,$-0,$0,$-0,$0,$-1780,$420,$0,$420,$0,$0,$-1,$-11,$408,$29,$18,$0
24,2012-09-30,189.52,$114.50,1.66,$70.52,2.69,$-54.46,0.0,$13.32,14.23,$0.39B,$0.65B,0.6,$1.60B,$3.37B,0.48,$2.10B,$1.46B,69.88%,$2.10B,$0.85B,40.76%,$2.10B,$0.85B,40.76%,$2.10B,$1.46B,69.79%,$2.10B,$0.63B,30.02%,$2.10B,$0.40B,18.85%,$0.40B,$3.37B,12.34%,$0.40B,$3.37B,12.34%,$0.40B,$6.93B,6.15%,$0.85B,$4.97B,18.52%,$530,$161,$369,$0,$25,$366,$165,$-31,$133,$50,$83,$83,$83,$338,$165,$29,30,$2.80,$2.80,$26,$0,$0,$393,$6419,$0,$0,$118,$6537,$6929,$653,$1600,$180,$2910,$3562,$0,$1798,$-1,$3367,$6929,$332,$482,$154,$637,$-83,$0,$0,$40,$49,$1018,$-1543,$0,$322,$0,$0,$0,$0,$-1221,$220,$0,$220,$0,$0,$-1,$-6,$213,$10,$13,$0
25,2012-06-30,164.48,$111.53,1.47,$69.13,2.38,$-49.55,0.0,$17.48,9.41,$0.32B,$0.54B,0.6,$1.42B,$3.28B,0.43,$2.05B,$1.45B,70.68%,$2.05B,$0.90B,43.79%,$2.05B,$0.90B,43.79%,$2.05B,$1.46B,70.92%,$2.05B,$0.83B,40.33%,$2.05B,$0.52B,25.23%,$0.52B,$3.28B,16.71%,$0.52B,$3.28B,16.71%,$0.52B,$6.51B,8.48%,$0.90B,$4.70B,20.39%,$502,$158,$344,$0,$25,$244,$258,$-17,$241,$90,$151,$151,$151,$412,$258,$29,30,$5.12,$5.08,$7,$0,$0,$324,$6065,$0,$0,$122,$6187,$6511,$544,$1420,$180,$2687,$3231,$0,$1715,$-1,$3280,$6511,$249,$309,$82,$391,$-31,$0,$0,$11,$-5,$635,$-1001,$0,$323,$0,$0,$0,$0,$-678,$40,$0,$40,$0,$0,$-1,$-6,$34,$-9,$9,$0
26,2012-03-31,217.2,$106.28,2.04,$68.45,3.17,$-45.11,0.0,$19.24,11.29,$0.33B,$0.63B,0.52,$1.24B,$3.13B,0.4,$2.03B,$1.46B,71.85%,$2.03B,$0.98B,48.03%,$2.03B,$0.98B,48.03%,$2.03B,$1.49B,73.23%,$2.03B,$0.91B,44.54%,$2.03B,$0.57B,28.05%,$0.57B,$3.13B,19.20%,$0.57B,$3.13B,19.20%,$0.57B,$6.22B,9.83%,$0.98B,$4.37B,23.30%,$564,$167,$397,$0,$34,$357,$206,$-49,$157,$59,$98,$98,$98,$361,$206,$29,30,$3.36,$3.32,$10,$0,$0,$328,$5786,$0,$0,$105,$5891,$6220,$634,$1240,$207,$2460,$3094,$0,$1564,$-0,$3125,$6220,$98,$155,$89,$243,$-31,$0,$0,$11,$11,$353,$-537,$0,$324,$0,$0,$0,$0,$-213,$-140,$0,$-140,$0,$0,$-0,$-6,$-146,$-6,$4,$0
27,2011-12-31,186.76,$103.22,1.81,$64.15,2.91,$-44.44,0.0,$16.56,11.28,$0.30B,$0.57B,0.53,$1.38B,$3.03B,0.46,$1.90B,$1.37B,72.11%,$1.90B,$0.82B,42.95%,$1.90B,$0.82B,42.95%,$1.90B,$1.28B,67.37%,$1.90B,$0.78B,41.05%,$1.90B,$0.49B,25.84%,$0.49B,$3.03B,17.38%,$0.49B,$3.03B,17.38%,$0.49B,$6.05B,8.94%,$0.82B,$4.41B,20.50%,$499,$145,$354,$0,$23,$274,$225,$-127,$98,$35,$63,$63,$63,$351,$225,$29,30,$2.16,$2.12,$16,$0,$0,$299,$5639,$0,$0,$108,$5747,$6046,$567,$1380,$216,$2449,$3016,$0,$1466,$0,$3029,$6046,$492,$463,$249,$712,$-63,$0,$0,$17,$-12,$1192,$-1735,$0,$0,$-25,$0,$-25,$0,$-1760,$580,$0,$580,$0,$0,$-1,$-14,$565,$-3,$14,$0
28,2011-09-30,140.32,$101.01,1.39,$62.68,2.24,$-16.21,0.0,$16.68,8.41,$0.27B,$0.44B,0.61,$1.20B,$2.96B,0.41,$1.81B,$1.31B,72.27%,$1.81B,$0.71B,39.25%,$1.81B,$0.71B,39.25%,$1.81B,$1.15B,63.51%,$1.81B,$0.79B,43.38%,$1.81B,$0.49B,27.23%,$0.49B,$2.96B,18.29%,$0.49B,$2.96B,18.29%,$0.49B,$5.65B,9.61%,$0.71B,$4.16B,19.19%,$488,$131,$356,$0,$23,$277,$210,$122,$332,$126,$206,$206,$206,$332,$210,$29,30,$7.00,$6.96,$6,$0,$0,$269,$5271,$0,$0,$108,$5379,$5648,$438,$1200,$226,$2245,$2683,$0,$1404,$1,$2964,$5648,$429,$337,$114,$451,$-31,$0,$0,$25,$-16,$864,$-1242,$0,$0,$-25,$0,$-25,$0,$-1267,$400,$0,$400,$0,$0,$-1,$-9,$390,$-13,$10,$0
29,2011-06-30,227.64,$93.91,2.42,$60.48,3.76,$2.35,96.93,$9.96,22.86,$0.24B,$0.49B,0.5,$1.06B,$2.76B,0.39,$1.70B,$1.22B,71.94%,$1.70B,$0.62B,36.18%,$1.70B,$0.62B,36.18%,$1.70B,$1.03B,60.59%,$1.70B,$0.55B,32.29%,$1.70B,$0.29B,17.29%,$0.29B,$2.76B,11.41%,$0.29B,$2.76B,11.41%,$0.29B,$5.29B,6.10%,$0.62B,$3.82B,17.77%,$481,$128,$353,$0,$21,$146,$335,$-18,$318,$114,$203,$203,$203,$444,$335,$29,30,$6.92,$6.84,$11,$0,$0,$243,$4952,$0,$0,$92,$5044,$5287,$485,$1060,$289,$2046,$2531,$0,$1198,$2,$2756,$5287,$223,$215,$135,$350,$-12,$0,$0,$15,$15,$588,$-822,$0,$0,$-25,$0,$-25,$0,$-847,$260,$0,$260,$0,$0,$-1,$-9,$251,$-8,$7,$0
30,2011-03-31,293.8,$86.94,3.38,$57.01,5.15,$16.43,17.88,$7.36,39.92,$0.27B,$0.53B,0.51,$0.98B,$2.55B,0.38,$1.60B,$1.14B,71.32%,$1.60B,$0.50B,31.50%,$1.60B,$0.50B,31.50%,$1.60B,$0.90B,56.48%,$1.60B,$0.43B,27.11%,$1.60B,$0.21B,13.21%,$0.21B,$2.55B,8.43%,$0.21B,$2.55B,8.43%,$0.21B,$4.98B,4.65%,$0.50B,$3.53B,15.32%,$432,$125,$307,$0,$18,$386,$46,$-14,$32,$13,$19,$19,$19,$153,$46,$29,29,$0.64,$0.64,$5,$0,$0,$270,$4623,$0,$0,$85,$4708,$4979,$528,$980,$330,$1899,$2427,$0,$995,$4,$2551,$4979,$19,$106,$147,$254,$-44,$0,$0,$-15,$-59,$214,$-376,$0,$0,$-25,$0,$-25,$0,$-401,$180,$0,$180,$0,$0,$-0,$-6,$173,$-14,$3,$0
31,2010-12-31,234.38,$86.47,2.71,$54.21,4.32,$24.37,9.62,$9.64,24.31,$0.23B,$0.46B,0.51,$0.80B,$2.53B,0.32,$1.52B,$1.08B,71.50%,$1.52B,$0.61B,40.44%,$1.52B,$0.61B,40.44%,$1.52B,$1.00B,66.09%,$1.52B,$0.54B,35.69%,$1.52B,$0.27B,18.01%,$0.27B,$2.53B,11.14%,$0.27B,$2.53B,11.14%,$0.27B,$4.65B,6.32%,$0.61B,$3.33B,19.35%,$413,$119,$295,$0,$16,$293,$121,$-16,$105,$39,$66,$66,$66,$223,$121,$27,27,$2.12,$2.80,$19,$0,$0,$234,$4355,$0,$0,$60,$4415,$4649,$459,$800,$278,$1658,$2117,$0,$976,$6,$2531,$4649,$337,$389,$199,$588,$-48,$0,$0,$45,$73,$997,$-730,$0,$-185,$0,$0,$0,$0,$-915,$16,$0,$16,$0,$-48,$-16,$-28,$-76,$7,$9,$0
32,2010-09-30,191.02,$84.22,2.27,$51.51,3.71,$11.66,16.38,$6.92,27.6,$0.20B,$0.38B,0.52,$0.70B,$2.47B,0.28,$1.42B,$0.99B,69.77%,$1.42B,$0.33B,22.97%,$1.42B,$0.33B,22.97%,$1.42B,$0.71B,49.68%,$1.42B,$0.43B,30.02%,$1.42B,$0.20B,13.81%,$0.20B,$2.47B,8.22%,$0.20B,$2.47B,8.22%,$0.20B,$4.37B,4.71%,$0.33B,$3.17B,10.53%,$374,$106,$268,$0,$19,$261,$113,$-18,$94,$36,$59,$59,$6,$210,$113,$26,26,$0.24,$0.24,$3,$0,$0,$200,$4113,$0,$0,$53,$4166,$4367,$384,$700,$269,$1517,$1901,$0,$910,$8,$2465,$4367,$270,$287,$99,$385,$-30,$0,$0,$38,$65,$720,$-568,$0,$0,$0,$0,$0,$0,$-568,$-84,$0,$-84,$0,$-48,$-16,$-13,$-161,$-9,$7,$0
33,2010-06-30,156.84,$96.49,1.63,$47.79,3.28,$3.36,46.63,$7.86,19.95,$0.20B,$0.30B,0.67,$0.65B,$2.46B,0.26,$1.31B,$0.90B,68.57%,$1.31B,$0.28B,21.31%,$1.31B,$0.28B,21.31%,$1.31B,$0.66B,50.38%,$1.31B,$0.39B,29.98%,$1.31B,$0.22B,16.82%,$0.22B,$2.46B,9.45%,$0.22B,$2.46B,9.45%,$0.22B,$4.17B,5.44%,$0.28B,$3.11B,9.12%,$378,$108,$269,$0,$15,$155,$223,$-20,$202,$77,$125,$125,$120,$316,$223,$25,30,$4.72,$4.24,$16,$0,$7,$202,$3920,$0,$0,$51,$3971,$4173,$302,$650,$246,$1410,$1712,$0,$904,$11,$2460,$4173,$212,$190,$29,$219,$-17,$0,$0,$22,$9,$440,$-256,$0,$-34,$0,$0,$0,$0,$-290,$-130,$0,$-130,$0,$0,$-11,$-6,$-146,$4,$4,$0
34,2010-03-31,161.68,$91.92,1.76,$44.09,3.67,$-8.43,0.0,$-0.04,0.0,$0.20B,$0.30B,0.67,$0.72B,$2.34B,0.31,$1.17B,$0.78B,66.90%,$1.17B,$0.09B,8.06%,$1.17B,$0.09B,8.06%,$1.17B,$0.48B,41.42%,$1.17B,$0.05B,4.03%,$1.17B,$0.01B,0.69%,$0.01B,$2.34B,0.35%,$0.01B,$2.34B,0.35%,$0.01B,$4.09B,0.20%,$0.09B,$3.06B,3.07%,$351,$99,$252,$0,$14,$195,$156,$-17,$140,$53,$87,$87,$81,$253,$156,$25,30,$3.20,$2.92,$13,$0,$6,$199,$3835,$0,$0,$52,$3887,$4086,$296,$720,$279,$1446,$1742,$0,$784,$16,$2344,$4086,$87,$97,$29,$125,$-17,$0,$0,$4,$-15,$197,$-125,$0,$0,$0,$0,$0,$0,$-125,$-60,$0,$-60,$0,$0,$-5,$-6,$-71,$1,$2,$0
35,2009-12-31,142.9,$89.29,1.6,$39.09,3.66,$-17.86,0.0,$-4.80,0.0,$0.18B,$0.28B,0.62,$0.78B,$2.27B,0.34,$0.98B,$0.60B,61.70%,$0.98B,$-0.10B,-9.70%,$0.98B,$-0.10B,-9.70%,$0.98B,$0.30B,30.13%,$0.98B,$-0.16B,-16.65%,$0.98B,$-0.12B,-11.95%,$-0.12B,$2.27B,-5.30%,$-0.12B,$2.27B,-5.30%,$-0.12B,$4.03B,-2.91%,$-0.10B,$3.05B,-3.06%,$316,$115,$201,$0,$12,$482,$-166,$156,$-10,$-4,$-6,$-6,$-11,$-74,$-166,$25,25,$-0.40,$-0.40,$12,$0,$0,$176,$3798,$0,$0,$55,$3854,$4030,$283,$780,$298,$1477,$1759,$0,$703,$20,$2270,$4030,$-107,$389,$209,$598,$-27,$0,$0,$45,$-38,$454,$-524,$0,$0,$0,$0,$0,$0,$-524,$-460,$0,$-460,$235,$569,$-10,$-27,$72,$2,$8,$0
36,2009-09-30,115.16,$89.86,1.28,$37.01,3.11,$-41.75,0.0,$-4.46,0.0,$0.16B,$0.25B,0.64,$0.77B,$2.28B,0.34,$0.89B,$0.52B,58.96%,$0.89B,$0.09B,10.26%,$0.89B,$0.09B,10.26%,$0.89B,$0.48B,54.57%,$0.89B,$-0.15B,-16.69%,$0.89B,$-0.11B,-12.29%,$-0.11B,$2.28B,-5.21%,$-0.11B,$2.28B,-5.21%,$-0.11B,$3.96B,-2.72%,$0.09B,$3.05B,2.93%,$269,$90,$179,$0,$11,$203,$67,$-5,$62,$26,$36,$36,$31,$167,$67,$25,26,$1.18,$1.18,$16,$0,$8,$158,$3742,$0,$0,$64,$3806,$3963,$248,$770,$248,$1432,$1679,$0,$714,$27,$2284,$3963,$-101,$297,$111,$408,$-2,$0,$0,$34,$-16,$291,$-355,$0,$0,$0,$0,$0,$0,$-355,$-470,$0,$-470,$235,$569,$-5,$-24,$70,$6,$4,$0
37,2009-06-30,70.32,$88.79,0.79,$44.78,1.57,$-40.46,0.0,$-0.34,0.0,$0.14B,$0.24B,0.57,$0.84B,$2.26B,0.37,$1.01B,$0.63B,62.52%,$1.01B,$0.22B,21.57%,$1.01B,$0.22B,21.57%,$1.01B,$0.58B,57.75%,$1.01B,$-0.03B,-3.28%,$1.01B,$-0.03B,-2.78%,$-0.03B,$2.26B,-1.42%,$-0.03B,$2.26B,-1.42%,$-0.03B,$3.99B,-0.70%,$0.22B,$3.10B,7.08%,$230,$82,$148,$0,$10,$193,$37,$-183,$-145,$-52,$-93,$-93,$-93,$137,$37,$25,25,$-3.66,$-3.66,$13,$0,$9,$140,$3777,$0,$0,$70,$3846,$3986,$244,$840,$254,$1485,$1729,$0,$683,$32,$2257,$3986,$-137,$197,$99,$296,$18,$0,$0,$-9,$-14,$145,$-287,$0,$0,$0,$0,$0,$0,$-287,$-400,$0,$-400,$235,$569,$0,$-24,$146,$4,$3,$0
38,2009-03-31,51.7,$78.64,0.66,$52.02,0.99,$-37.09,0.0,$7.12,7.26,$0.17B,$0.25B,0.7,$1.19B,$2.02B,0.59,$1.12B,$0.74B,65.51%,$1.12B,$0.36B,31.73%,$1.12B,$0.36B,31.73%,$1.12B,$0.67B,59.98%,$1.12B,$0.24B,21.39%,$1.12B,$0.15B,12.92%,$0.15B,$2.02B,8.05%,$0.15B,$2.02B,8.05%,$0.15B,$4.08B,3.71%,$0.36B,$3.21B,11.99%,$164,$88,$76,$0,$9,$197,$-33,$-37,$-70,$-26,$-44,$-44,$-44,$65,$-33,$24,24,$-1.84,$-1.84,$7,$0,$56,$174,$3831,$0,$0,$75,$3906,$4080,$249,$1190,$176,$1812,$2061,$0,$776,$37,$2019,$4080,$-44,$98,$5,$103,$31,$0,$0,$-45,$-24,$35,$-201,$0,$-21,$0,$0,$0,$0,$-222,$-50,$0,$-50,$235,$235,$0,$-1,$184,$-3,$1,$0
39,2008-12-31,66.92,$85.48,0.78,$57.59,1.16,$-31.91,0.0,$11.90,5.62,$0.22B,$0.35B,0.62,$1.24B,$1.81B,0.69,$1.22B,$0.84B,68.66%,$1.22B,$0.51B,41.49%,$1.22B,$0.51B,41.49%,$1.22B,$0.78B,63.67%,$1.22B,$0.41B,33.47%,$1.22B,$0.25B,20.54%,$0.25B,$1.81B,14.89%,$0.25B,$1.81B,14.89%,$0.25B,$4.03B,6.83%,$0.51B,$3.05B,18.22%,$224,$104,$120,$0,$10,$204,$20,$-14,$5,$8,$-3,$-3,$-3,$115,$20,$21,21,$-0.14,$-0.16,$10,$0,$64,$217,$3735,$0,$0,$77,$3812,$4029,$351,$1240,$165,$1869,$2220,$0,$820,$17,$1809,$4029,$252,$271,$163,$434,$-12,$0,$0,$12,$80,$767,$-1333,$0,$194,$1,$0,$1,$0,$-1138,$370,$0,$370,$0,$0,$0,$-3,$367,$-5,$4,$0
40,2008-09-30,142.52,$83.57,1.71,$58.76,2.43,$-7.81,0.0,$14.20,10.04,$0.24B,$0.34B,0.71,$1.12B,$1.78B,0.63,$1.23B,$0.87B,70.57%,$1.23B,$0.58B,46.83%,$1.23B,$0.58B,46.83%,$1.23B,$0.80B,65.28%,$1.23B,$0.48B,38.70%,$1.23B,$0.30B,24.39%,$0.30B,$1.78B,18.68%,$0.30B,$1.78B,18.68%,$0.30B,$3.84B,8.81%,$0.58B,$2.90B,22.07%,$388,$104,$285,$0,$17,$195,$193,$-16,$177,$65,$112,$112,$112,$264,$193,$21,21,$5.32,$5.30,$21,$0,$0,$242,$3551,$0,$0,$42,$3593,$3835,$343,$1119,$135,$1713,$2056,$0,$823,$-16,$1779,$3835,$255,$176,$153,$330,$-77,$0,$0,$67,$27,$611,$-637,$0,$-219,$1,$0,$1,$0,$-856,$250,$0,$250,$0,$0,$0,$0,$250,$6,$5,$0
41,2008-06-30,212.16,$75.15,2.82,$51.55,4.12,$-8.30,0.0,$11.16,19.01,$0.30B,$0.43B,0.69,$1.12B,$1.60B,0.7,$1.08B,$0.74B,68.68%,$1.08B,$0.48B,44.52%,$1.08B,$0.48B,44.52%,$1.08B,$0.69B,63.75%,$1.08B,$0.38B,34.94%,$1.08B,$0.24B,21.93%,$0.24B,$1.60B,15.43%,$0.24B,$1.60B,15.43%,$0.24B,$3.71B,7.50%,$0.48B,$2.72B,19.45%,$346,$92,$254,$0,$23,$170,$176,$-48,$128,$47,$80,$80,$80,$229,$176,$21,21,$3.80,$3.80,$25,$0,$0,$298,$3342,$0,$0,$65,$3407,$3705,$430,$1118,$157,$1676,$2105,$0,$711,$-81,$1600,$3705,$143,$105,$98,$203,$-81,$0,$0,$22,$-17,$329,$-376,$0,$-193,$1,$0,$1,$0,$-569,$250,$0,$250,$0,$0,$0,$0,$250,$10,$3,$0
42,2008-03-31,129.3,$72.99,1.77,$45.71,2.83,$-11.12,0.0,$8.80,14.69,$0.19B,$0.28B,0.68,$0.91B,$1.55B,0.59,$0.92B,$0.61B,65.76%,$0.92B,$0.37B,39.76%,$0.92B,$0.37B,39.76%,$0.92B,$0.57B,61.97%,$0.92B,$0.29B,31.42%,$0.92B,$0.18B,19.72%,$0.18B,$1.55B,12.69%,$0.18B,$1.55B,12.69%,$0.18B,$3.13B,6.26%,$0.37B,$2.46B,15.55%,$264,$84,$180,$0,$12,$147,$118,$-19,$99,$36,$62,$62,$62,$170,$118,$21,21,$2.94,$2.94,$7,$0,$0,$193,$2902,$0,$0,$32,$2935,$3127,$282,$910,$104,$1292,$1573,$0,$630,$-45,$1554,$3127,$62,$52,$33,$85,$-29,$0,$0,$-13,$-24,$122,$-161,$0,$-10,$0,$0,$0,$0,$-171,$40,$0,$40,$0,$0,$0,$0,$40,$-8,$1,$0
43,2007-12-31,115.32,$70.19,1.64,$41.93,2.75,$-11.79,0.0,$6.44,17.91,$0.16B,$0.26B,0.64,$0.87B,$1.49B,0.58,$0.82B,$0.52B,63.37%,$0.82B,$0.29B,35.16%,$0.82B,$0.29B,35.16%,$0.82B,$0.49B,59.46%,$0.82B,$0.21B,25.40%,$0.82B,$0.13B,16.00%,$0.13B,$1.49B,9.75%,$0.13B,$1.49B,9.75%,$0.13B,$2.95B,4.69%,$0.29B,$2.36B,12.49%,$232,$83,$149,$0,$11,$144,$89,$-17,$72,$26,$46,$46,$46,$140,$89,$20,20,$2.32,$2.30,$15,$0,$0,$162,$2760,$0,$0,$30,$2790,$2952,$255,$868,$95,$1207,$1461,$0,$568,$-46,$1491,$2952,$131,$199,$56,$256,$-13,$0,$0,$22,$8,$394,$-445,$0,$-22,$0,$0,$0,$0,$-467,$-130,$0,$-130,$210,$210,$0,$-3,$77,$4,$5,$0
44,2007-09-30,88.9,$69.34,1.28,$40.34,2.2,$-10.77,0.0,$5.80,15.33,$0.12B,$0.19B,0.65,$0.84B,$1.47B,0.57,$0.77B,$0.49B,62.79%,$0.77B,$0.26B,33.72%,$0.77B,$0.26B,33.72%,$0.77B,$0.46B,59.04%,$0.77B,$0.18B,23.13%,$0.77B,$0.11B,14.60%,$0.11B,$1.47B,8.91%,$0.11B,$1.47B,8.91%,$0.11B,$2.81B,4.18%,$0.26B,$2.31B,11.54%,$234,$77,$156,$0,$11,$137,$96,$-19,$77,$30,$48,$48,$48,$147,$96,$21,21,$2.28,$2.26,$9,$0,$0,$121,$2660,$0,$0,$30,$2690,$2811,$185,$837,$105,$1153,$1338,$0,$522,$-17,$1473,$2811,$85,$148,$24,$172,$3,$0,$0,$11,$16,$273,$-308,$0,$-17,$0,$0,$0,$0,$-325,$-160,$0,$-160,$210,$210,$0,$0,$51,$-2,$4,$0
45,2007-06-30,81.04,$65.84,1.23,$40.53,2.0,$-8.95,0.0,$6.24,12.99,$0.12B,$0.15B,0.81,$1.09B,$1.22B,0.89,$0.75B,$0.47B,63.10%,$0.75B,$0.25B,33.96%,$0.75B,$0.25B,33.96%,$0.75B,$0.44B,59.36%,$0.75B,$0.17B,22.86%,$0.75B,$0.12B,15.37%,$0.12B,$1.22B,9.67%,$0.12B,$1.22B,9.67%,$0.12B,$2.75B,4.38%,$0.25B,$2.31B,11.50%,$193,$71,$122,$0,$9,$129,$64,$-22,$42,$15,$26,$26,$26,$115,$64,$18,18,$1.44,$1.44,$8,$0,$0,$123,$2594,$0,$0,$30,$2623,$2746,$151,$1085,$107,$1375,$1527,$0,$475,$-11,$1220,$2746,$37,$97,$25,$122,$1,$0,$0,$-7,$-9,$150,$-243,$0,$0,$0,$0,$0,$0,$-243,$90,$0,$90,$0,$0,$0,$0,$90,$-2,$2,$0
46,2007-03-31,78.82,$64.39,1.22,$41.17,1.91,$-5.00,0.0,$7.30,10.8,$0.12B,$0.15B,0.8,$1.06B,$1.19B,0.89,$0.76B,$0.49B,64.30%,$0.76B,$0.28B,36.76%,$0.76B,$0.28B,36.76%,$0.76B,$0.46B,60.47%,$0.76B,$0.20B,26.09%,$0.76B,$0.14B,17.79%,$0.14B,$1.19B,11.71%,$0.14B,$1.19B,11.71%,$0.14B,$2.67B,5.30%,$0.28B,$2.25B,13.08%,$160,$68,$92,$0,$8,$121,$39,$-23,$17,$6,$11,$11,$11,$85,$39,$18,18,$0.58,$0.58,$8,$0,$0,$117,$2521,$0,$0,$31,$2552,$2669,$147,$1056,$103,$1329,$1476,$0,$448,$-10,$1193,$2669,$11,$46,$8,$54,$8,$0,$0,$-21,$-3,$62,$-108,$0,$-17,$0,$0,$0,$0,$-125,$60,$0,$60,$0,$0,$0,$0,$60,$-2,$1,$0
47,2006-12-31,93.2,$64.23,1.45,$42.32,2.2,$-2.93,0.0,$8.52,10.94,$0.12B,$0.14B,0.85,$1.00B,$1.19B,0.84,$0.78B,$0.51B,65.77%,$0.78B,$0.31B,40.00%,$0.78B,$0.31B,40.00%,$0.78B,$0.48B,61.92%,$0.78B,$0.23B,30.00%,$0.78B,$0.16B,20.13%,$0.16B,$1.19B,14.07%,$0.16B,$1.19B,14.07%,$0.16B,$2.59B,6.38%,$0.31B,$2.18B,15.18%,$187,$70,$116,$0,$9,$125,$62,$-19,$43,$15,$28,$28,$28,$110,$62,$18,18,$1.52,$1.50,$10,$0,$0,$122,$2433,$0,$0,$31,$2464,$2585,$143,$995,$95,$1256,$1399,$0,$438,$-6,$1187,$2585,$156,$170,$64,$234,$3,$0,$0,$0,$21,$411,$-440,$0,$-88,$0,$0,$0,$0,$-528,$120,$0,$120,$0,$0,$0,$-4,$116,$-0,$4,$0
