,Date,Stock Price,Book Value per Share,Price to Book Ratio,TTM Sales per Share,Price to Sales Ratio,TTM FCF per Share,Price to FCF Ratio,TTM Net EPS,PE Ratio,Current Assets,Current Liabilities,Current Ratio,Long Term Debt,Shareholder's Equity_x,Debt to Equity Ratio,TTM Revenue_x,TTM Gross Profit,Gross Margin,TTM Revenue_y,TTM Operating Income,Operating Margin,TTM Revenue_x,TTM EBIT,EBIT Margin,TTM Revenue_y,TTM EBITDA,EBITDA Margin,TTM Revenue_x,TTM Pre-Tax Income,Pre-Tax Margin,TTM Revenue_y,TTM Net Income_x,Net Margin,TTM Net Income_y,Shareholder's Equity_y,Return on Equity,TTM Net Income_x,Tangible Equity,Return on Tangible Equity,TTM Net Income_y,Total Assets,Return on Assets,TTM Net Income,LT Investments & Debt,Return on Investment,revenue,cost-goods-sold,gross-profit,research-development-expenses,selling-general-administrative-expenses,operating-expenses,operating-income,total-non-operating-income-expense,pre-tax-income,total-provision-income-taxes,income-after-taxes,income-from-continuous-operations,net-income,ebitda,ebit,basic-shares-outstanding,shares-outstanding,eps-basic-net-earnings-per-share,eps-earnings-per-share-diluted,cash-on-hand,inventory,other-current-assets,total-current-assets,net-property-plant-equipment,long-term-investments,goodwill-intangible-assets-total,other-long-term-assets,total-long-term-assets,total-assets,total-current-liabilities,long-term-debt,other-non-current-liabilities,total-long-term-liabilities,total-liabilities,common-stock-net,retained-earnings-accumulated-deficit,comprehensive-income,total-share-holder-equity,total-liabilities-share-holders-equity,net-income-loss,total-depreciation-amortization-cash-flow,other-non-cash-items,total-non-cash-items,change-in-accounts-receivable,change-in-inventories,change-in-accounts-payable,change-in-assets-liabilities,total-change-in-assets-liabilities,cash-flow-from-operating-activities,net-change-in-property-plant-equipment,net-change-in-intangible-assets,net-acquisitions-divestitures,net-change-in-short-term-investments,net-change-in-long-term-investments,net-change-in-investments-total,investing-activities-other,cash-flow-from-investing-activities,net-long-term-debt,net-current-debt,debt-issuance-retirement-net-total,net-common-equity-issued-repurchased,net-total-equity-issued-repurchased,total-common-preferred-stock-dividends-paid,financial-activities-other,cash-flow-from-financial-activities,net-cash-flow,stock-based-compensation,common-stock-dividends-paid
0,2018-09-30,140.94,$78.23,1.8,$61.56,2.29,$8.38,16.81,$4.22,33.4,$3.06B,$1.65B,1.86,$4.50B,$10.16B,0.44,$8.22B,$8.22B,100.00%,$8.22B,$0.64B,7.80%,$8.22B,$0.64B,7.80%,$8.22B,$1.43B,17.40%,$8.22B,$0.45B,5.49%,$8.22B,$0.56B,6.84%,$0.56B,$10.16B,5.41%,$0.56B,$-3.72B,-14.92%,$0.56B,$33.04B,1.68%,$0.64B,$14.66B,4.30%,$1859,$0,$1859,$0,$1238,$1842,$17,$19,$36,$-10,$46,$46,$44,$198,$17,$131,132,$0.34,$0.33,$931,$0,$0,$3063,$944,$0,$13886,$15148,$29978,$33041,$1651,$4498,$16024,$21227,$22878,$0,$1102,$-1627,$10163,$33041,$332,$566,$-122,$444,$332,$0,$0,$-392,$-60,$716,$-250,$0,$-4,$0,$0,$0,$14,$-240,$174,$0,$174,$-380,$-380,$-228,$-108,$-542,$-99,$15,$-228
1,2018-06-30,151.6,$79.15,1.92,$61.30,2.47,$6.83,22.2,$3.49,43.44,$3.31B,$1.44B,2.29,$4.59B,$10.35B,0.44,$8.21B,$8.21B,100.00%,$8.21B,$0.60B,7.28%,$8.21B,$0.60B,7.28%,$8.21B,$1.40B,17.10%,$8.21B,$0.38B,4.63%,$8.21B,$0.46B,5.65%,$0.46B,$10.35B,4.48%,$0.46B,$-3.68B,-11.68%,$0.46B,$34.21B,1.39%,$0.60B,$14.94B,4.02%,$1990,$0,$1990,$0,$1275,$1927,$63,$11,$74,$9,$65,$65,$58,$251,$63,$132,133,$0.44,$0.44,$911,$0,$0,$3305,$924,$0,$14030,$15954,$30908,$34213,$1442,$4589,$17117,$22424,$23866,$0,$1270,$-1605,$10347,$34213,$286,$385,$-85,$300,$81,$0,$0,$-272,$-191,$395,$-166,$0,$-4,$0,$0,$0,$17,$-153,$154,$0,$154,$-251,$-251,$-149,$-89,$-335,$-119,$4,$-149
2,2018-03-31,151.59,$81.58,1.86,$60.59,2.5,$6.33,23.93,$3.29,46.08,$3.55B,$1.32B,2.68,$4.51B,$10.80B,0.42,$8.18B,$8.18B,100.00%,$8.18B,$0.60B,7.29%,$8.18B,$0.60B,7.29%,$8.18B,$1.42B,17.41%,$8.18B,$0.36B,4.34%,$8.18B,$0.44B,5.37%,$0.44B,$10.80B,4.23%,$0.44B,$-3.51B,-10.65%,$0.44B,$34.21B,1.33%,$0.60B,$15.31B,4.04%,$2292,$0,$2292,$0,$1377,$2033,$259,$5,$264,$43,$221,$221,$215,$456,$259,$133,133,$1.62,$1.61,$954,$0,$0,$3554,$926,$0,$14316,$15416,$30658,$34212,$1324,$4507,$16840,$22086,$23410,$0,$1557,$-1430,$10802,$34212,$221,$197,$-10,$187,$-43,$0,$0,$-347,$-390,$18,$-78,$0,$-1,$0,$0,$0,$0,$-79,$40,$0,$40,$11,$11,$-68,$-7,$-24,$-76,$3,$-68
3,2017-12-31,149.5,$77.56,1.93,$60.16,2.49,$6.92,21.62,$4.18,35.77,$3.28B,$1.80B,1.82,$4.45B,$10.25B,0.43,$8.20B,$8.20B,100.00%,$8.20B,$0.74B,9.00%,$8.20B,$0.74B,9.00%,$8.20B,$1.57B,19.15%,$8.20B,$0.49B,5.96%,$8.20B,$0.57B,6.93%,$0.57B,$10.25B,5.53%,$0.57B,$-4.15B,-13.17%,$0.57B,$32.46B,1.75%,$0.74B,$14.70B,5.08%,$2078,$0,$2078,$0,$1069,$1776,$302,$-225,$77,$-173,$250,$253,$245,$525,$302,$135,136,$1.86,$1.84,$1030,$0,$0,$3276,$985,$0,$14401,$13796,$29182,$32458,$1796,$4450,$15320,$20413,$22209,$0,$1104,$-1513,$10249,$32458,$592,$833,$-320,$513,$-64,$0,$0,$-179,$-243,$862,$-375,$0,$44,$0,$0,$0,$-4,$-335,$589,$0,$589,$-471,$-471,$-277,$-320,$-479,$160,$67,$-277
4,2017-09-30,152.48,$75.79,2.01,$58.84,2.59,$7.90,19.3,$2.59,58.87,$3.07B,$1.56B,1.97,$4.49B,$10.03B,0.45,$8.05B,$8.05B,100.00%,$8.05B,$0.52B,6.51%,$8.05B,$0.52B,6.51%,$8.05B,$1.33B,16.49%,$8.05B,$0.45B,5.63%,$8.05B,$0.47B,5.78%,$0.47B,$10.03B,4.54%,$0.47B,$-4.54B,-10.51%,$0.47B,$32.27B,1.46%,$0.52B,$14.52B,3.68%,$1852,$0,$1852,$0,$1212,$1878,$-26,$-9,$-35,$19,$-54,$-54,$-54,$172,$-26,$134,134,$-0.40,$-0.40,$912,$0,$0,$3067,$937,$0,$14563,$13705,$29205,$32272,$1557,$4493,$15285,$20689,$22246,$0,$1130,$-1676,$10026,$32272,$339,$610,$-19,$591,$31,$0,$0,$-446,$-415,$515,$-250,$0,$-13,$0,$0,$0,$1,$-262,$643,$0,$643,$-595,$-595,$-209,$-85,$-246,$42,$48,$-209
5,2017-06-30,143.32,$77.16,1.86,$57.90,2.48,$8.86,16.17,$2.76,51.93,$3.14B,$1.40B,2.25,$4.10B,$10.39B,0.39,$7.98B,$7.98B,100.00%,$7.98B,$0.55B,6.91%,$7.98B,$0.55B,6.91%,$7.98B,$1.36B,17.04%,$7.98B,$0.43B,5.39%,$7.98B,$0.49B,6.11%,$0.49B,$10.39B,4.65%,$0.49B,$-4.28B,-11.24%,$0.49B,$32.77B,1.53%,$0.55B,$14.48B,3.90%,$1953,$0,$1953,$0,$1211,$1892,$61,$-12,$49,$8,$41,$41,$33,$270,$61,$136,137,$0.24,$0.24,$852,$0,$0,$3140,$895,$0,$14665,$14074,$29634,$32774,$1396,$4097,$16014,$20991,$22387,$0,$1402,$-1776,$10387,$32774,$393,$412,$-75,$337,$-174,$0,$0,$-237,$-411,$319,$-151,$0,$-13,$0,$0,$0,$9,$-155,$270,$0,$270,$-259,$-259,$-137,$-70,$-196,$-18,$33,$-137
6,2017-03-31,128.5,$76.82,1.67,$57.57,2.23,$9.79,13.12,$3.03,42.41,$3.21B,$1.32B,2.43,$3.98B,$10.40B,0.38,$7.97B,$7.97B,100.00%,$7.97B,$0.63B,7.85%,$7.97B,$0.63B,7.85%,$7.97B,$1.39B,17.49%,$7.97B,$0.48B,5.97%,$7.97B,$0.53B,6.60%,$0.53B,$10.40B,4.93%,$0.53B,$-4.28B,-12.30%,$0.53B,$32.23B,1.66%,$0.63B,$14.38B,4.43%,$2319,$0,$2319,$0,$1253,$1918,$401,$-3,$398,$46,$352,$352,$344,$604,$401,$137,138,$2.51,$2.50,$901,$0,$0,$3208,$863,$0,$14687,$13474,$29024,$32232,$1323,$3975,$15678,$20505,$21828,$0,$1561,$-1908,$10404,$32232,$352,$203,$-36,$167,$-253,$0,$0,$-171,$-424,$95,$-77,$0,$-12,$0,$0,$0,$7,$-82,$222,$0,$222,$-136,$-136,$-65,$-7,$14,$31,$14,$-65
7,2016-12-31,119.57,$74.71,1.6,$57.19,2.09,$10.05,11.89,$2.28,52.44,$2.95B,$1.99B,1.48,$3.36B,$10.18B,0.33,$7.89B,$7.89B,100.00%,$7.89B,$0.55B,6.99%,$7.89B,$0.55B,6.99%,$7.89B,$1.32B,16.74%,$7.89B,$0.34B,4.31%,$7.89B,$0.42B,5.33%,$0.42B,$10.18B,3.86%,$0.42B,$-4.60B,-9.84%,$0.42B,$30.25B,1.32%,$0.55B,$13.54B,3.92%,$1927,$0,$1927,$0,$1130,$1839,$88,$-47,$41,$-107,$148,$148,$142,$282,$88,$137,138,$1.02,$1.01,$870,$0,$0,$2950,$839,$0,$14781,$11683,$27303,$30253,$1989,$3357,$13809,$18081,$20070,$0,$1452,$-1884,$10183,$30253,$438,$769,$-114,$655,$-101,$0,$0,$-59,$-160,$933,$-303,$0,$475,$0,$0,$0,$23,$195,$-128,$0,$-128,$-333,$-333,$-199,$-115,$-775,$338,$123,$-199
