,Date,Stock Price,Book Value per Share,Price to Book Ratio,TTM Sales per Share,Price to Sales Ratio,TTM FCF per Share,Price to FCF Ratio,TTM Net EPS,PE Ratio,Current Assets,Current Liabilities,Current Ratio,Long Term Debt,Shareholder's Equity_x,Debt to Equity Ratio,TTM Revenue_x,TTM Gross Profit,Gross Margin,TTM Revenue_y,TTM Operating Income,Operating Margin,TTM Revenue_x,TTM EBIT,EBIT Margin,TTM Revenue_y,TTM EBITDA,EBITDA Margin,TTM Revenue_x,TTM Pre-Tax Income,Pre-Tax Margin,TTM Revenue_y,TTM Net Income_x,Net Margin,TTM Net Income_y,Shareholder's Equity_y,Return on Equity,TTM Net Income_x,Tangible Equity,Return on Tangible Equity,TTM Net Income_y,Total Assets,Return on Assets,TTM Net Income,LT Investments & Debt,Return on Investment,revenue,cost-goods-sold,gross-profit,research-development-expenses,selling-general-administrative-expenses,operating-expenses,operating-income,total-non-operating-income-expense,pre-tax-income,total-provision-income-taxes,income-after-taxes,income-from-continuous-operations,net-income,ebitda,ebit,basic-shares-outstanding,shares-outstanding,eps-basic-net-earnings-per-share,eps-earnings-per-share-diluted,cash-on-hand,inventory,other-current-assets,total-current-assets,net-property-plant-equipment,long-term-investments,goodwill-intangible-assets-total,other-long-term-assets,total-long-term-assets,total-assets,total-current-liabilities,long-term-debt,other-non-current-liabilities,total-long-term-liabilities,total-liabilities,common-stock-net,retained-earnings-accumulated-deficit,comprehensive-income,total-share-holder-equity,total-liabilities-share-holders-equity,net-income-loss,total-depreciation-amortization-cash-flow,other-non-cash-items,total-non-cash-items,change-in-accounts-receivable,change-in-inventories,change-in-accounts-payable,change-in-assets-liabilities,total-change-in-assets-liabilities,cash-flow-from-operating-activities,net-change-in-property-plant-equipment,net-change-in-intangible-assets,net-acquisitions-divestitures,net-change-in-short-term-investments,net-change-in-long-term-investments,net-change-in-investments-total,investing-activities-other,cash-flow-from-investing-activities,net-long-term-debt,net-current-debt,debt-issuance-retirement-net-total,net-common-equity-issued-repurchased,net-total-equity-issued-repurchased,total-common-preferred-stock-dividends-paid,financial-activities-other,cash-flow-from-financial-activities,net-cash-flow,stock-based-compensation,common-stock-dividends-paid
0,2018-09-30,90.36,$14.61,6.18,$33.84,2.67,$10.20,8.86,$5.28,17.11,$2.68B,$3.07B,0.87,$9.57B,$6.24B,1.53,$14.72B,$5.59B,37.97%,$14.72B,$2.73B,18.51%,$14.72B,$2.73B,18.51%,$14.72B,$4.27B,29.02%,$14.72B,$2.30B,15.63%,$14.72B,$2.30B,15.60%,$2.30B,$6.24B,37.65%,$2.30B,$-0.70B,-291.04%,$2.30B,$22.59B,10.38%,$2.73B,$15.81B,18.00%,$3822,$2373,$1449,$0,$345,$3123,$699,$-102,$597,$99,$498,$498,$499,$1099,$699,$428,431,$1.16,$1.16,$83,$103,$147,$2675,$11815,$419,$6944,$738,$19916,$22591,$3070,$9569,$2466,$13280,$16350,$6,$9464,$-16,$6241,$22591,$1392,$1178,$60,$1238,$43,$0,$0,$-192,$28,$2658,$-1240,$0,$-236,$0,$0,$0,$-30,$-1506,$-164,$523,$359,$-705,$-705,$-605,$-64,$-1015,$137,$63,$-605
1,2018-06-30,81.34,$14.14,5.75,$33.40,2.44,$10.10,8.05,$4.99,16.3,$2.47B,$3.31B,0.75,$8.97B,$6.06B,1.48,$14.62B,$5.56B,38.01%,$14.62B,$2.73B,18.66%,$14.62B,$2.73B,18.66%,$14.62B,$4.25B,29.06%,$14.62B,$2.31B,15.78%,$14.62B,$2.18B,14.94%,$2.18B,$6.06B,37.23%,$2.18B,$-0.84B,-219.39%,$2.18B,$22.01B,10.05%,$2.73B,$15.02B,18.63%,$3739,$2313,$1426,$0,$365,$3024,$715,$-106,$609,$110,$499,$499,$499,$1123,$715,$430,432,$1.16,$1.15,$47,$100,$135,$2471,$11625,$254,$6899,$765,$19543,$22014,$3305,$8968,$2435,$12653,$15958,$6,$9166,$-49,$6056,$22014,$894,$778,$10,$788,$202,$0,$0,$-131,$102,$1784,$-836,$0,$-167,$0,$0,$0,$-7,$-1010,$-113,$443,$330,$-517,$-517,$-406,$-54,$-647,$126,$41,$-406
2,2018-03-31,83.65,$14.05,5.96,$33.02,2.53,$9.95,8.41,$4.65,17.99,$2.49B,$3.37B,0.74,$8.90B,$6.07B,1.47,$14.56B,$5.52B,37.90%,$14.56B,$2.69B,18.45%,$14.56B,$2.69B,18.45%,$14.56B,$4.18B,28.70%,$14.56B,$2.27B,15.58%,$14.56B,$2.05B,14.06%,$2.05B,$6.07B,35.73%,$2.05B,$-0.86B,-183.88%,$2.05B,$22.11B,9.55%,$2.69B,$14.97B,18.61%,$3511,$2184,$1327,$0,$373,$2903,$608,$-97,$511,$116,$395,$395,$396,$978,$608,$433,436,$0.91,$0.91,$52,$98,$137,$2491,$11637,$266,$6924,$788,$19615,$22106,$3373,$8901,$2509,$12668,$16041,$6,$8867,$-28,$6065,$22106,$395,$370,$19,$389,$183,$0,$0,$-39,$25,$809,$-400,$0,$-232,$0,$0,$0,$-5,$-637,$-19,$471,$452,$-227,$-227,$-206,$-57,$-38,$133,$23,$-206
3,2017-12-31,85.36,$13.94,6.12,$32.71,2.61,$9.89,8.63,$4.41,19.35,$2.62B,$3.26B,0.8,$8.75B,$6.04B,1.45,$14.49B,$5.46B,37.72%,$14.49B,$2.64B,18.20%,$14.49B,$2.64B,18.20%,$14.49B,$4.11B,28.35%,$14.49B,$2.19B,15.13%,$14.49B,$1.95B,13.46%,$1.95B,$6.04B,34.82%,$1.95B,$-0.75B,-160.71%,$1.95B,$21.83B,9.25%,$2.64B,$14.79B,18.52%,$3652,$2263,$1389,$0,$369,$2948,$704,$-120,$584,$-319,$903,$903,$903,$1073,$704,$439,442,$2.06,$2.06,$22,$96,$132,$2624,$11559,$269,$6794,$583,$19205,$21829,$3262,$8752,$2525,$12525,$15787,$6,$8588,$8,$6042,$21829,$1949,$1471,$-39,$1432,$-271,$0,$0,$-56,$-201,$3180,$-1509,$0,$-101,$0,$0,$0,$231,$-1379,$-880,$513,$-367,$-655,$-655,$-750,$-39,$-1811,$-10,$101,$-750
4,2017-09-30,77.02,$12.21,6.31,$32.20,2.39,$9.84,7.83,$3.10,24.84,$2.30B,$3.26B,0.71,$8.50B,$5.30B,1.6,$14.29B,$5.39B,37.70%,$14.29B,$2.55B,17.83%,$14.29B,$2.55B,17.83%,$14.29B,$3.98B,27.85%,$14.29B,$2.12B,14.81%,$14.29B,$1.38B,9.66%,$1.38B,$5.30B,25.50%,$1.38B,$-1.53B,-98.91%,$1.38B,$20.95B,6.63%,$2.55B,$13.80B,18.09%,$3716,$2302,$1414,$0,$356,$3015,$701,$-98,$603,$215,$388,$388,$386,$1074,$701,$438,441,$0.88,$0.87,$35,$99,$164,$2300,$11136,$287,$6828,$398,$18649,$20949,$3259,$8495,$2443,$12390,$15649,$6,$7871,$14,$5300,$20949,$1046,$1102,$115,$1217,$112,$0,$0,$-92,$125,$2388,$-981,$0,$-59,$0,$0,$0,$-10,$-1050,$-552,$501,$-51,$-658,$-658,$-566,$-56,$-1331,$8,$74,$-566
5,2017-06-30,71.77,$12.52,5.73,$31.73,2.26,$9.54,7.52,$2.91,24.66,$2.33B,$2.77B,0.84,$8.67B,$5.51B,1.57,$14.13B,$5.31B,37.56%,$14.13B,$2.41B,17.05%,$14.13B,$2.41B,17.05%,$14.13B,$3.83B,27.08%,$14.13B,$1.97B,13.95%,$14.13B,$1.30B,9.18%,$1.30B,$5.51B,23.86%,$1.30B,$-1.31B,-94.02%,$1.30B,$20.84B,6.24%,$2.41B,$14.17B,16.96%,$3677,$2290,$1387,$0,$353,$3004,$673,$-103,$570,$209,$361,$361,$362,$1052,$673,$442,444,$0.82,$0.81,$32,$96,$121,$2326,$11002,$289,$6821,$401,$18513,$20839,$2770,$8667,$2408,$12562,$15332,$6,$7671,$-33,$5507,$20839,$658,$729,$113,$842,$43,$0,$0,$-40,$35,$1535,$-631,$0,$-36,$0,$0,$0,$-6,$-673,$-541,$253,$-288,$-164,$-164,$-381,$-26,$-859,$3,$54,$-381
6,2017-03-31,70.94,$12.53,5.66,$31.12,2.28,$9.44,7.51,$2.74,25.89,$2.22B,$2.56B,0.87,$8.65B,$5.54B,1.56,$13.87B,$5.21B,37.58%,$13.87B,$2.35B,16.91%,$13.87B,$2.35B,16.91%,$13.87B,$3.75B,27.05%,$13.87B,$1.86B,13.41%,$13.87B,$1.22B,8.81%,$1.22B,$5.54B,22.77%,$1.22B,$-1.26B,-83.73%,$1.22B,$20.65B,5.89%,$2.35B,$14.18B,16.53%,$3440,$2166,$1274,$0,$390,$2882,$558,$-124,$434,$137,$297,$297,$298,$908,$558,$441,444,$0.68,$0.67,$30,$95,$126,$2223,$10929,$295,$6795,$408,$18427,$20650,$2558,$8646,$2387,$12554,$15112,$6,$7497,$-66,$5538,$20650,$297,$350,$109,$459,$151,$0,$0,$-41,$-34,$722,$-332,$0,$-1,$0,$0,$0,$-4,$-337,$-487,$210,$-277,$77,$77,$-194,$9,$-385,$0,$36,$-194
7,2016-12-31,68.58,$12.14,5.65,$30.46,2.25,$9.49,7.23,$2.65,25.88,$2.38B,$2.79B,0.85,$8.89B,$5.32B,1.67,$13.61B,$5.12B,37.64%,$13.61B,$2.30B,16.87%,$13.61B,$2.30B,16.87%,$13.61B,$3.69B,27.10%,$13.61B,$1.82B,13.39%,$13.61B,$1.18B,8.69%,$1.18B,$5.32B,22.26%,$1.18B,$-1.49B,-77.12%,$1.18B,$20.86B,5.69%,$2.30B,$14.21B,16.13%,$3460,$2147,$1313,$0,$378,$2843,$617,$-107,$510,$176,$334,$334,$335,$946,$617,$444,447,$0.75,$0.75,$32,$90,$122,$2376,$10950,$320,$6806,$407,$18483,$20859,$2794,$8893,$2370,$12745,$15539,$6,$7388,$-80,$5320,$20859,$1180,$1392,$339,$1731,$-78,$0,$0,$-19,$95,$3006,$-1339,$0,$-568,$0,$0,$0,$-25,$-1932,$375,$0,$375,$-662,$-662,$-726,$-68,$-1081,$-7,$90,$-726
8,2016-09-30,61.31,$12.18,5.03,$29.83,2.06,$8.60,7.13,$2.51,24.42,$2.29B,$2.66B,0.86,$8.83B,$5.38B,1.64,$13.40B,$5.03B,37.54%,$13.40B,$2.18B,16.28%,$13.40B,$2.18B,16.28%,$13.40B,$3.57B,26.63%,$13.40B,$1.71B,12.76%,$13.40B,$1.12B,8.36%,$1.12B,$5.38B,21.04%,$1.12B,$-1.46B,-78.06%,$1.12B,$20.76B,5.42%,$2.18B,$14.21B,15.36%,$3548,$2216,$1332,$0,$330,$2988,$560,$-103,$457,$153,$304,$304,$302,$919,$560,$443,446,$0.68,$0.68,$30,$93,$130,$2293,$10842,$326,$6844,$451,$18463,$20756,$2664,$8829,$2452,$12709,$15373,$6,$7235,$-63,$5383,$20756,$846,$1063,$234,$1297,$32,$0,$0,$4,$109,$2252,$-962,$0,$-568,$0,$0,$0,$-20,$-1550,$326,$0,$326,$-443,$-443,$-546,$-48,$-711,$-9,$67,$-546
9,2016-06-30,63.31,$11.84,5.35,$29.29,2.16,$8.15,7.77,$2.57,24.64,$2.28B,$2.81B,0.81,$8.92B,$5.23B,1.71,$13.21B,$4.96B,37.57%,$13.21B,$2.22B,16.82%,$13.21B,$2.22B,16.82%,$13.21B,$3.60B,27.28%,$13.21B,$1.75B,13.24%,$13.21B,$1.15B,8.73%,$1.15B,$5.23B,21.79%,$1.15B,$-1.63B,-85.38%,$1.15B,$20.75B,5.60%,$2.22B,$14.14B,15.69%,$3425,$2130,$1295,$0,$340,$2814,$611,$-152,$459,$173,$286,$286,$287,$980,$611,$444,447,$0.65,$0.64,$39,$93,$121,$2276,$10841,$321,$6862,$452,$18476,$20752,$2806,$8916,$2407,$12718,$15524,$6,$7116,$-49,$5228,$20752,$542,$704,$110,$814,$66,$0,$0,$28,$138,$1494,$-629,$0,$-548,$0,$0,$0,$-9,$-1186,$577,$0,$577,$-456,$-456,$-364,$-66,$-309,$0,$51,$-364
10,2016-03-31,55.99,$11.94,4.69,$28.86,1.94,$7.93,7.06,$2.53,22.13,$2.30B,$2.56B,0.9,$9.07B,$5.31B,1.71,$13.10B,$4.82B,36.79%,$13.10B,$2.11B,16.13%,$13.10B,$2.11B,16.13%,$13.10B,$3.47B,26.49%,$13.10B,$1.68B,12.81%,$13.10B,$1.14B,8.70%,$1.14B,$5.31B,21.37%,$1.14B,$-1.55B,-95.94%,$1.14B,$20.78B,5.55%,$2.11B,$14.38B,14.87%,$3176,$1993,$1183,$0,$362,$2668,$508,$-112,$396,$140,$256,$256,$258,$843,$508,$446,449,$0.58,$0.58,$104,$92,$118,$2302,$10796,$371,$6860,$452,$18479,$20781,$2560,$9072,$2401,$12911,$15471,$6,$7012,$-58,$5310,$20781,$256,$335,$74,$409,$111,$0,$0,$45,$67,$732,$-317,$0,$-524,$0,$0,$0,$-6,$-847,$654,$0,$654,$-232,$-232,$-183,$-59,$180,$65,$30,$-183
11,2015-12-31,50.29,$12.00,4.19,$28.41,1.77,$7.58,6.63,$1.67,30.11,$2.35B,$2.51B,0.93,$8.68B,$5.37B,1.62,$12.96B,$4.73B,36.49%,$12.96B,$2.05B,15.78%,$12.96B,$2.05B,15.78%,$12.96B,$3.38B,26.08%,$12.96B,$1.06B,8.18%,$12.96B,$0.75B,5.81%,$0.75B,$5.37B,13.94%,$0.75B,$-1.09B,-74.43%,$0.75B,$20.37B,3.67%,$2.05B,$14.04B,14.33%,$3246,$2027,$1219,$0,$343,$2744,$502,$-105,$397,$124,$273,$273,$273,$825,$502,$453,456,$0.59,$0.59,$39,$92,$120,$2345,$10665,$360,$6461,$536,$18022,$20367,$2510,$8676,$2423,$12490,$15000,$6,$6939,$-127,$5367,$20367,$752,$1335,$804,$2139,$-178,$0,$0,$-88,$-363,$2528,$-1233,$0,$-409,$0,$0,$0,$34,$-1608,$-427,$0,$-427,$-523,$-523,$-695,$-540,$-2185,$-1268,$72,$-695
12,2015-09-30,46.6,$11.77,3.96,$28.67,1.63,$7.28,6.4,$2.34,19.91,$2.40B,$2.44B,0.98,$8.84B,$5.26B,1.68,$13.15B,$4.78B,36.33%,$13.15B,$2.30B,17.45%,$13.15B,$2.30B,17.45%,$13.15B,$3.64B,27.70%,$13.15B,$1.26B,9.60%,$13.15B,$1.07B,8.14%,$1.07B,$5.26B,19.34%,$1.07B,$-1.12B,-131.94%,$1.07B,$20.40B,5.16%,$2.30B,$14.09B,16.03%,$3360,$2095,$1265,$0,$330,$2759,$601,$-105,$496,$159,$337,$337,$335,$955,$601,$450,453,$0.75,$0.74,$113,$92,$113,$2399,$10659,$374,$6381,$589,$18003,$20402,$2442,$8835,$2378,$12703,$15145,$6,$6840,$-91,$5257,$20402,$479,$1012,$707,$1719,$-71,$0,$0,$-64,$-226,$1972,$-864,$0,$-359,$0,$0,$0,$42,$-1181,$-361,$0,$-361,$-547,$-547,$-523,$-552,$-1983,$-1194,$53,$-523
13,2015-06-30,43.03,$11.97,3.6,$29.02,1.48,$7.05,6.1,$2.18,19.74,$2.55B,$2.48B,1.03,$8.91B,$5.41B,1.65,$13.39B,$4.82B,35.96%,$13.39B,$2.24B,16.72%,$13.39B,$2.24B,16.72%,$13.39B,$3.59B,26.81%,$13.39B,$1.18B,8.81%,$13.39B,$1.01B,7.50%,$1.01B,$5.41B,17.84%,$1.01B,$-0.99B,-149.61%,$1.01B,$20.58B,4.74%,$2.24B,$14.32B,15.49%,$3315,$2163,$1152,$0,$322,$2813,$502,$-113,$389,$116,$273,$273,$274,$846,$502,$456,458,$0.60,$0.60,$273,$102,$143,$2553,$10665,$390,$6392,$578,$18025,$20578,$2477,$8910,$2375,$12694,$15171,$6,$6680,$-34,$5407,$20578,$142,$658,$581,$1239,$-18,$0,$0,$5,$-66,$1315,$-529,$0,$-376,$0,$0,$0,$26,$-879,$-315,$0,$-315,$-253,$-253,$-351,$-550,$-1469,$-1034,$30,$-351
14,2015-03-31,49.95,$12.18,4.1,$29.39,1.7,$6.76,7.39,$2.03,24.61,$2.62B,$2.27B,1.15,$9.04B,$5.58B,1.62,$13.64B,$4.92B,36.10%,$13.64B,$2.27B,16.64%,$13.64B,$2.27B,16.64%,$13.64B,$3.64B,26.68%,$13.64B,$1.19B,8.75%,$13.64B,$0.94B,6.90%,$0.94B,$5.58B,16.17%,$0.94B,$-0.84B,-175.72%,$0.94B,$20.69B,4.36%,$2.27B,$14.61B,15.47%,$3040,$1946,$1094,$0,$348,$2600,$440,$-662,$-222,$-91,$-131,$-131,$-129,$754,$440,$459,459,$-0.28,$-0.28,$277,$109,$153,$2617,$10679,$397,$6419,$579,$18074,$20691,$2273,$9039,$2313,$12843,$15116,$6,$6582,$-50,$5575,$20691,$-131,$314,$627,$941,$-59,$0,$0,$-57,$-311,$499,$-233,$0,$-426,$0,$0,$0,$31,$-628,$-212,$0,$-212,$39,$39,$-176,$-549,$-898,$-1030,$20,$-176
15,2014-12-31,46.94,$12.84,3.66,$30.03,1.56,$6.86,6.84,$2.80,16.77,$3.53B,$3.49B,1.01,$8.35B,$5.89B,1.42,$14.00B,$4.99B,35.68%,$14.00B,$2.30B,16.43%,$14.00B,$2.30B,16.43%,$14.00B,$3.69B,26.39%,$14.00B,$1.75B,12.51%,$14.00B,$1.30B,9.27%,$1.30B,$5.89B,21.87%,$1.30B,$-0.29B,-283.72%,$1.30B,$21.30B,5.89%,$2.30B,$14.23B,15.56%,$3437,$2170,$1267,$0,$376,$2685,$752,$-153,$599,$1,$598,$598,$590,$1088,$752,$463,466,$1.27,$1.27,$1307,$106,$176,$3526,$10657,$408,$6180,$526,$17771,$21297,$3485,$8345,$2240,$11923,$15408,$6,$6888,$23,$5889,$21297,$1338,$1394,$-136,$1258,$-268,$0,$0,$-114,$-265,$2331,$-1151,$0,$2218,$0,$-33,$-33,$-39,$995,$-751,$0,$-751,$-507,$-507,$-693,$-121,$-2072,$1249,$65,$-693
16,2014-09-30,43.15,$12.37,3.49,$30.10,1.43,$6.84,6.3,$0.23,187.59,$4.12B,$3.79B,1.09,$9.02B,$5.66B,1.59,$14.06B,$4.96B,35.28%,$14.06B,$1.14B,8.09%,$14.06B,$1.14B,8.09%,$14.06B,$3.05B,21.69%,$14.06B,$0.55B,3.90%,$14.06B,$0.10B,0.73%,$0.10B,$5.66B,1.73%,$0.10B,$-0.57B,-19.29%,$0.10B,$22.21B,0.46%,$1.14B,$14.69B,7.53%,$3602,$2299,$1303,$0,$377,$3056,$546,$-132,$414,$133,$281,$281,$270,$903,$546,$461,464,$0.59,$0.58,$183,$106,$1975,$4116,$10849,$443,$6230,$573,$18095,$22211,$3789,$9023,$2214,$12759,$16548,$6,$6473,$77,$5663,$22211,$740,$1058,$9,$1067,$-36,$0,$0,$-68,$4,$1811,$-781,$0,$287,$0,$-23,$-23,$-59,$-576,$-28,$0,$-28,$-530,$-530,$-521,$-28,$-1107,$125,$40,$-521
17,2014-06-30,40.28,$13.19,3.05,$30.02,1.34,$6.82,5.91,$0.27,149.19,$2.36B,$2.98B,0.79,$9.01B,$6.15B,1.47,$14.08B,$4.95B,35.18%,$14.08B,$1.17B,8.30%,$14.08B,$1.17B,8.30%,$14.08B,$3.09B,21.95%,$14.08B,$0.59B,4.17%,$14.08B,$0.12B,0.88%,$0.12B,$6.15B,1.97%,$0.12B,$-0.44B,-28.90%,$0.12B,$22.18B,0.55%,$1.17B,$15.16B,7.51%,$3561,$2301,$1260,$0,$353,$3029,$532,$-130,$402,$180,$222,$222,$210,$894,$532,$466,468,$0.45,$0.45,$137,$166,$149,$2355,$12031,$419,$6587,$787,$19824,$22179,$2980,$9011,$2245,$13052,$16032,$6,$6376,$135,$6147,$22179,$459,$701,$33,$734,$-8,$0,$0,$-30,$-54,$1139,$-474,$0,$240,$0,$-11,$-11,$-49,$-294,$-425,$0,$-425,$31,$31,$-349,$-23,$-766,$79,$29,$-349
18,2014-03-31,37.57,$12.98,2.89,$29.92,1.26,$6.72,5.59,$0.34,110.5,$2.54B,$3.36B,0.76,$8.98B,$6.04B,1.49,$14.04B,$4.91B,34.95%,$14.04B,$1.15B,8.16%,$14.04B,$1.15B,8.16%,$14.04B,$3.06B,21.77%,$14.04B,$0.57B,4.04%,$14.04B,$0.16B,1.13%,$0.16B,$6.04B,2.44%,$0.16B,$-0.53B,-50.16%,$0.16B,$22.44B,0.69%,$1.15B,$15.02B,7.30%,$3396,$2232,$1164,$0,$375,$2927,$469,$-133,$336,$99,$237,$237,$228,$808,$469,$465,467,$0.49,$0.49,$339,$174,$175,$2535,$12170,$402,$6571,$764,$19907,$22442,$3357,$8978,$2253,$13046,$16403,$6,$6342,$89,$6039,$22442,$237,$339,$19,$358,$41,$0,$0,$-33,$-11,$584,$-266,$0,$155,$0,$-4,$-4,$-7,$-122,$-15,$0,$-15,$14,$14,$-174,$-4,$-179,$281,$15,$-174
19,2013-12-31,39.71,$12.93,3.07,$29.80,1.33,$6.70,5.92,$0.21,189.08,$2.50B,$3.01B,0.83,$9.50B,$6.00B,1.58,$13.98B,$4.87B,34.84%,$13.98B,$1.08B,7.72%,$13.98B,$1.08B,7.72%,$13.98B,$3.00B,21.44%,$13.98B,$0.49B,3.53%,$13.98B,$0.10B,0.70%,$0.10B,$6.00B,1.48%,$0.10B,$-0.60B,-46.95%,$0.10B,$22.60B,0.42%,$1.08B,$15.50B,6.79%,$3500,$2267,$1233,$0,$376,$3910,$-410,$-193,$-603,$-4,$-599,$-599,$-605,$444,$-410,$468,470,$-1.29,$-1.29,$235,$178,$163,$2499,$12344,$414,$6599,$747,$20104,$22603,$3014,$9500,$2245,$13587,$16601,$6,$6289,$154,$6002,$22603,$130,$1919,$486,$2405,$44,$0,$0,$-97,$-80,$2455,$-1271,$0,$-586,$0,$-33,$-33,$-10,$-1900,$155,$0,$155,$-107,$-107,$-683,$-52,$-687,$-136,$58,$-683
20,2013-09-30,36.2,$14.95,2.42,$29.74,1.22,$5.87,6.16,$1.98,18.28,$2.42B,$2.86B,0.85,$9.49B,$7.02B,1.35,$13.92B,$4.85B,34.84%,$13.92B,$1.97B,14.18%,$13.92B,$1.97B,14.18%,$13.92B,$3.39B,24.39%,$13.92B,$1.45B,10.39%,$13.92B,$0.93B,6.66%,$0.93B,$7.02B,13.62%,$0.93B,$-0.15B,-1477.29%,$0.93B,$23.61B,3.99%,$1.97B,$16.51B,12.35%,$3621,$2325,$1296,$0,$349,$3044,$577,$-125,$452,$155,$297,$297,$291,$944,$577,$469,471,$0.62,$0.62,$157,$178,$138,$2417,$12621,$656,$7162,$757,$21196,$23613,$2862,$9491,$2251,$13736,$16598,$6,$7066,$169,$7015,$23613,$729,$1065,$150,$1215,$14,$0,$0,$-101,$-86,$1858,$-824,$0,$-585,$0,$-29,$-29,$6,$-1432,$-26,$0,$-26,$116,$116,$-512,$-37,$-459,$-37,$45,$-512
21,2013-06-30,35.08,$14.56,2.41,$29.50,1.19,$4.94,7.1,$1.82,19.28,$2.40B,$3.02B,0.8,$8.99B,$6.82B,1.32,$13.76B,$4.78B,34.78%,$13.76B,$1.90B,13.78%,$13.76B,$1.90B,13.78%,$13.76B,$3.30B,24.01%,$13.76B,$1.34B,9.76%,$13.76B,$0.85B,6.18%,$0.85B,$6.82B,12.68%,$0.85B,$0.02B,-2179.49%,$0.85B,$23.01B,3.68%,$1.90B,$15.81B,12.00%,$3526,$2311,$1215,$0,$353,$3016,$510,$-127,$383,$127,$256,$256,$244,$861,$510,$468,469,$0.52,$0.52,$154,$171,$143,$2404,$12469,$653,$6802,$684,$20608,$23012,$3022,$8994,$2255,$13172,$16194,$6,$6948,$134,$6818,$23012,$432,$698,$55,$753,$-4,$0,$0,$-27,$-63,$1122,$-501,$0,$-136,$0,$-24,$-24,$-32,$-693,$-197,$0,$-197,$98,$98,$-341,$-25,$-465,$-40,$34,$-341
22,2013-03-31,33.81,$14.40,2.35,$29.44,1.15,$4.51,7.5,$1.75,19.32,$2.50B,$3.19B,0.78,$9.05B,$6.72B,1.35,$13.69B,$4.77B,34.83%,$13.69B,$1.85B,13.53%,$13.69B,$1.85B,13.53%,$13.69B,$3.25B,23.75%,$13.69B,$1.29B,9.44%,$13.69B,$0.81B,5.95%,$0.81B,$6.72B,12.29%,$0.81B,$-0.11B,-963.31%,$0.81B,$23.16B,3.54%,$1.85B,$15.76B,11.79%,$3336,$2209,$1127,$0,$390,$2934,$402,$-140,$262,$86,$176,$176,$168,$749,$402,$466,467,$0.36,$0.36,$307,$177,$150,$2497,$12512,$658,$6823,$665,$20658,$23155,$3188,$9045,$2278,$13251,$16439,$6,$6875,$160,$6716,$23155,$176,$347,$29,$376,$88,$0,$0,$-39,$25,$577,$-266,$0,$-143,$0,$-12,$-12,$0,$-421,$93,$0,$93,$38,$38,$-170,$-2,$-41,$113,$21,$-170
23,2012-12-31,28.8,$14.38,2.0,$29.40,0.98,$4.05,7.11,$1.76,16.37,$2.42B,$3.04B,0.8,$9.17B,$6.68B,1.37,$13.65B,$4.77B,34.95%,$13.65B,$1.85B,13.56%,$13.65B,$1.85B,13.56%,$13.65B,$3.24B,23.75%,$13.65B,$1.30B,9.55%,$13.65B,$0.82B,5.99%,$0.82B,$6.68B,12.45%,$0.82B,$-0.01B,-753.00%,$0.82B,$23.10B,3.58%,$1.85B,$15.85B,11.84%,$3434,$2224,$1210,$0,$356,$2950,$484,$-135,$349,$114,$235,$235,$224,$840,$484,$464,464,$0.48,$0.48,$194,$174,$140,$2423,$12651,$667,$6688,$668,$20674,$23097,$3036,$9173,$2266,$13386,$16422,$6,$6879,$193,$6675,$23097,$860,$1391,$262,$1653,$-131,$0,$0,$-30,$-218,$2295,$-1510,$0,$-206,$0,$-77,$-77,$-37,$-1830,$122,$0,$122,$43,$43,$-658,$-37,$-530,$-64,$29,$-658
24,2012-09-30,27.09,$14.25,1.9,$29.24,0.93,$4.79,5.66,$1.86,14.56,$2.66B,$3.19B,0.83,$9.17B,$6.61B,1.39,$13.62B,$4.82B,35.39%,$13.62B,$1.92B,14.09%,$13.62B,$1.92B,14.09%,$13.62B,$3.27B,24.03%,$13.62B,$1.37B,10.03%,$13.62B,$0.86B,6.31%,$0.86B,$6.61B,13.23%,$0.86B,$-0.05B,-488.76%,$0.86B,$23.07B,3.78%,$1.92B,$15.78B,12.34%,$3461,$2229,$1232,$0,$335,$2961,$500,$-152,$348,$125,$223,$223,$214,$853,$500,$464,465,$0.46,$0.46,$398,$155,$159,$2659,$12518,$652,$6664,$580,$20414,$23073,$3187,$9166,$2212,$13274,$16461,$6,$6820,$200,$6612,$23073,$625,$1035,$155,$1190,$-112,$0,$0,$8,$-97,$1718,$-1132,$0,$-150,$0,$-61,$-61,$-18,$-1361,$212,$0,$212,$39,$39,$-493,$23,$-219,$140,$21,$-493
25,2012-06-30,27.91,$14.01,1.99,$29.29,0.95,$5.29,5.27,$1.98,14.1,$2.45B,$3.19B,0.77,$8.97B,$6.49B,1.38,$13.68B,$4.85B,35.45%,$13.68B,$1.96B,14.34%,$13.68B,$1.96B,14.34%,$13.68B,$3.32B,24.26%,$13.68B,$1.44B,10.52%,$13.68B,$0.92B,6.70%,$0.92B,$6.49B,14.30%,$0.92B,$-0.17B,-423.07%,$0.92B,$22.69B,4.08%,$1.96B,$15.46B,12.63%,$3459,$2260,$1199,$0,$374,$2993,$466,$-132,$334,$115,$219,$219,$208,$810,$466,$463,464,$0.45,$0.45,$237,$147,$166,$2454,$12360,$656,$6653,$568,$20237,$22691,$3187,$8973,$2165,$13017,$16204,$6,$6771,$163,$6487,$22691,$402,$682,$84,$766,$-72,$0,$0,$43,$-24,$1144,$-730,$0,$-134,$0,$-40,$-40,$1,$-903,$41,$0,$41,$31,$31,$-329,$-5,$-262,$-21,$15,$-329
26,2012-03-31,28.9,$14.01,2.06,$28.87,1.0,$5.41,5.34,$2.03,14.23,$2.29B,$3.05B,0.75,$8.99B,$6.48B,1.39,$13.57B,$4.86B,35.80%,$13.57B,$2.00B,14.75%,$13.57B,$2.00B,14.75%,$13.57B,$3.36B,24.74%,$13.57B,$1.49B,10.95%,$13.57B,$0.95B,6.97%,$0.95B,$6.48B,14.68%,$0.95B,$-0.20B,-2090.61%,$0.95B,$22.54B,4.26%,$2.00B,$15.47B,12.89%,$3295,$2166,$1129,$0,$407,$2894,$401,$-129,$272,$89,$183,$183,$171,$739,$401,$462,463,$0.37,$0.37,$189,$153,$153,$2285,$12299,$646,$6684,$621,$20250,$22535,$3047,$8989,$2129,$13007,$16054,$6,$6727,$206,$6481,$22535,$183,$338,$27,$365,$56,$0,$0,$-30,$-73,$475,$-379,$0,$-123,$0,$-13,$-13,$12,$-503,$82,$0,$82,$24,$24,$-164,$16,$-42,$-69,$15,$-164
27,2011-12-31,26.76,$13.88,1.93,$28.25,0.95,$5.80,4.61,$2.05,13.05,$2.38B,$3.07B,0.78,$9.13B,$6.39B,1.43,$13.38B,$4.84B,36.16%,$13.38B,$2.03B,15.16%,$13.38B,$2.03B,15.16%,$13.38B,$3.37B,25.15%,$13.38B,$1.52B,11.36%,$13.38B,$0.96B,7.18%,$0.96B,$6.39B,14.82%,$0.96B,$-0.28B,680.35%,$0.96B,$22.57B,4.38%,$2.03B,$15.52B,13.05%,$3406,$2145,$1261,$0,$407,$2854,$552,$-140,$412,$134,$278,$278,$266,$871,$552,$470,471,$0.58,$0.57,$258,$153,$115,$2379,$12242,$637,$6672,$639,$20190,$22569,$3068,$9125,$2102,$13111,$16179,$6,$6721,$172,$6390,$22569,$1009,$1337,$295,$1632,$-110,$0,$0,$-127,$-172,$2469,$-1324,$0,$-831,$0,$-155,$-155,$125,$-2185,$698,$0,$698,$-530,$-530,$-637,$-97,$-566,$-281,$45,$-637
28,2011-09-30,26.34,$13.63,1.93,$27.64,0.95,$5.80,4.54,$2.06,12.79,$2.42B,$2.53B,0.96,$9.39B,$6.29B,1.49,$13.16B,$4.82B,36.64%,$13.16B,$2.05B,15.58%,$13.16B,$2.05B,15.58%,$13.16B,$3.36B,25.51%,$13.16B,$1.56B,11.87%,$13.16B,$0.98B,7.42%,$0.98B,$6.29B,14.94%,$0.98B,$-0.22B,275.51%,$0.98B,$22.05B,4.50%,$2.05B,$15.67B,13.24%,$3522,$2261,$1261,$0,$380,$2979,$543,$-122,$421,$136,$285,$285,$272,$899,$543,$468,470,$0.58,$0.58,$282,$142,$153,$2419,$11911,$0,$6501,$1221,$19633,$22052,$2527,$9388,$2157,$13240,$15767,$6,$6613,$144,$6285,$22052,$731,$1018,$121,$1139,$-146,$0,$0,$-83,$-133,$1737,$-909,$0,$-623,$0,$-92,$-92,$89,$-1535,$576,$0,$576,$-488,$-488,$-481,$-66,$-459,$-257,$38,$-481
29,2011-06-30,29.84,$14.02,2.13,$26.86,1.11,$5.94,5.02,$1.99,14.99,$2.37B,$2.30B,1.03,$8.84B,$6.62B,1.34,$12.87B,$4.79B,37.21%,$12.87B,$2.05B,15.93%,$12.87B,$2.05B,15.93%,$12.87B,$3.34B,25.96%,$12.87B,$1.55B,12.06%,$12.87B,$0.95B,7.36%,$0.95B,$6.62B,14.43%,$0.95B,$0.52B,183.19%,$0.95B,$21.58B,4.41%,$2.05B,$15.46B,13.34%,$3347,$2140,$1207,$0,$382,$2841,$506,$-125,$381,$131,$250,$250,$237,$848,$506,$474,476,$0.50,$0.50,$371,$137,$114,$2374,$11919,$0,$6103,$1187,$19209,$21583,$2295,$8839,$2122,$12665,$14960,$6,$6499,$259,$6623,$21583,$446,$662,$79,$741,$-115,$0,$0,$-19,$-109,$1078,$-596,$0,$-144,$0,$-91,$-91,$7,$-824,$90,$0,$90,$-133,$-133,$-323,$-59,$-425,$-168,$27,$-323
30,2011-03-31,29.64,$13.97,2.12,$26.33,1.13,$5.96,4.97,$2.00,14.82,$2.55B,$2.36B,1.08,$8.88B,$6.63B,1.34,$12.68B,$4.75B,37.41%,$12.68B,$2.13B,16.80%,$12.68B,$2.13B,16.80%,$12.68B,$3.42B,26.99%,$12.68B,$1.64B,12.89%,$12.68B,$0.96B,7.55%,$0.96B,$6.63B,14.68%,$0.96B,$0.54B,188.11%,$0.96B,$21.65B,4.44%,$2.13B,$15.51B,13.92%,$3103,$1995,$1108,$0,$382,$2676,$427,$-121,$306,$110,$196,$196,$186,$747,$427,$476,478,$0.39,$0.39,$676,$130,$137,$2548,$11855,$0,$6089,$1156,$19100,$21648,$2363,$8882,$2101,$12653,$15016,$6,$6424,$257,$6632,$21648,$196,$320,$19,$339,$44,$0,$0,$-19,$65,$600,$-316,$0,$-94,$0,$-55,$-55,$3,$-462,$238,$0,$238,$-40,$-40,$-162,$-39,$-3,$137,$17,$-162
31,2010-12-31,29.0,$13.87,2.09,$25.85,1.12,$5.86,4.95,$1.98,14.65,$2.48B,$2.49B,1.0,$8.67B,$6.59B,1.32,$12.52B,$4.69B,37.48%,$12.52B,$2.12B,16.91%,$12.52B,$2.12B,16.91%,$12.52B,$3.40B,27.17%,$12.52B,$1.63B,13.03%,$12.52B,$0.95B,7.61%,$0.95B,$6.59B,14.67%,$0.95B,$0.57B,180.41%,$0.95B,$21.48B,4.45%,$2.12B,$15.27B,14.00%,$3187,$1941,$1246,$0,$396,$2613,$574,$-120,$454,$160,$294,$294,$281,$863,$574,$480,482,$0.59,$0.59,$539,$130,$117,$2482,$11868,$471,$6021,$634,$18994,$21476,$2485,$8674,$2064,$12400,$14885,$6,$6400,$230,$6591,$21476,$1002,$1284,$219,$1503,$-159,$0,$0,$-14,$-230,$2275,$-1104,$0,$-363,$0,$-173,$-173,$34,$-1606,$-204,$0,$-204,$-447,$-447,$-604,$-18,$-1273,$-601,$36,$-604
32,2010-09-30,27.85,$13.54,2.06,$25.33,1.1,$5.83,4.78,$2.03,13.72,$2.57B,$2.31B,1.11,$8.80B,$6.44B,1.37,$12.33B,$4.58B,37.11%,$12.33B,$2.00B,16.20%,$12.33B,$2.00B,16.20%,$12.33B,$3.29B,26.64%,$12.33B,$1.52B,12.36%,$12.33B,$0.99B,8.00%,$0.99B,$6.44B,15.20%,$0.99B,$0.44B,174.38%,$0.99B,$21.34B,4.63%,$2.00B,$15.24B,13.34%,$3235,$2006,$1229,$0,$369,$2691,$544,$-133,$411,$153,$258,$258,$244,$884,$544,$477,481,$0.51,$0.51,$550,$124,$142,$2569,$11636,$0,$6002,$1132,$18770,$21339,$2311,$8798,$2189,$12589,$14900,$6,$6270,$184,$6439,$21339,$708,$995,$145,$1140,$-159,$0,$0,$26,$-195,$1653,$-737,$0,$-307,$0,$-162,$-162,$31,$-1175,$-157,$0,$-157,$-415,$-415,$-454,$-43,$-1069,$-590,$28,$-454
33,2010-06-30,24.16,$13.38,1.81,$24.72,0.98,$5.58,4.33,$2.08,11.62,$3.16B,$2.86B,1.1,$8.83B,$6.41B,1.38,$12.12B,$4.52B,37.25%,$12.12B,$1.98B,16.33%,$12.12B,$1.98B,16.33%,$12.12B,$3.25B,26.80%,$12.12B,$1.54B,12.69%,$12.12B,$1.02B,8.41%,$1.02B,$6.41B,15.66%,$1.02B,$0.49B,158.94%,$1.02B,$21.76B,4.84%,$1.98B,$15.24B,13.48%,$3158,$1996,$1162,$0,$345,$2572,$586,$-122,$464,$206,$258,$258,$246,$929,$586,$482,486,$0.51,$0.51,$1169,$110,$123,$3156,$11575,$0,$5923,$1105,$18603,$21759,$2858,$8827,$2148,$12493,$15351,$6,$6176,$164,$6408,$21759,$450,$655,$58,$713,$-110,$0,$0,$21,$-187,$976,$-475,$0,$-210,$0,$-161,$-161,$23,$-823,$493,$0,$493,$-273,$-273,$-305,$-38,$-123,$29,$20,$-305
34,2010-03-31,26.33,$13.52,1.95,$24.19,1.09,$5.53,4.76,$2.07,12.72,$2.72B,$2.67B,1.02,$8.19B,$6.54B,1.25,$11.92B,$4.52B,37.92%,$11.92B,$1.93B,16.17%,$11.92B,$1.93B,16.17%,$11.92B,$3.16B,26.49%,$11.92B,$1.50B,12.62%,$11.92B,$1.02B,8.57%,$1.02B,$6.54B,15.70%,$1.02B,$0.62B,148.67%,$1.02B,$21.00B,4.94%,$1.93B,$14.73B,13.33%,$2935,$1881,$1054,$0,$351,$2523,$412,$-110,$302,$110,$192,$192,$182,$724,$412,$486,488,$0.37,$0.37,$871,$107,$143,$2719,$11515,$0,$5920,$841,$18276,$20995,$2670,$8191,$2079,$11784,$14454,$6,$6082,$234,$6541,$20995,$192,$312,$19,$331,$12,$0,$0,$-15,$-27,$496,$-255,$0,$-50,$0,$-149,$-149,$19,$-435,$-55,$0,$-55,$-113,$-113,$-153,$-10,$-331,$-269,$12,$-153
35,2009-12-31,25.62,$13.56,1.89,$23.88,1.07,$5.43,4.72,$2.01,12.74,$3.01B,$2.90B,1.04,$8.12B,$6.59B,1.23,$11.79B,$4.55B,38.59%,$11.79B,$1.89B,16.00%,$11.79B,$1.89B,16.00%,$11.79B,$3.10B,26.32%,$11.79B,$1.47B,12.49%,$11.79B,$0.99B,8.43%,$0.99B,$6.59B,15.49%,$0.99B,$0.72B,148.03%,$0.99B,$21.15B,4.84%,$1.89B,$14.72B,13.15%,$3006,$1874,$1132,$0,$365,$2550,$456,$-109,$347,$16,$331,$331,$315,$749,$456,$491,494,$0.65,$0.64,$1140,$110,$117,$3010,$11541,$0,$5870,$733,$18144,$21154,$2901,$8124,$2029,$11662,$14563,$6,$6053,$208,$6591,$21154,$1060,$1216,$52,$1268,$29,$0,$0,$-46,$34,$2362,$-1179,$0,$-253,$0,$-21,$-21,$203,$-1250,$414,$0,$414,$-206,$-206,$-569,$-96,$-457,$660,$30,$-569
36,2009-09-30,22.4,$13.29,1.68,$24.06,0.93,$5.76,3.89,$1.81,12.37,$2.51B,$2.81B,0.9,$7.50B,$6.52B,1.15,$11.89B,$4.55B,38.29%,$11.89B,$1.89B,15.89%,$11.89B,$1.89B,15.89%,$11.89B,$3.17B,26.61%,$11.89B,$1.48B,12.42%,$11.89B,$0.90B,7.54%,$0.90B,$6.52B,14.20%,$0.90B,$0.74B,141.82%,$0.90B,$20.39B,4.42%,$1.89B,$14.03B,13.41%,$3023,$1856,$1167,$0,$339,$2498,$525,$-100,$425,$133,$292,$292,$277,$847,$525,$492,495,$0.56,$0.56,$612,$106,$123,$2510,$11356,$0,$5781,$745,$17882,$20392,$2805,$7504,$2044,$11066,$13871,$6,$5880,$178,$6521,$20392,$729,$923,$89,$1012,$-17,$0,$0,$-84,$-99,$1642,$-823,$0,$-107,$0,$-5,$-5,$105,$-830,$-116,$0,$-116,$-55,$-55,$-428,$-84,$-683,$132,$19,$-428
37,2009-06-30,20.94,$12.94,1.62,$25.09,0.83,$6.36,3.29,$1.88,11.14,$2.42B,$2.24B,1.08,$8.00B,$6.37B,1.26,$12.40B,$4.69B,37.85%,$12.40B,$2.00B,16.11%,$12.40B,$2.00B,16.11%,$12.40B,$3.30B,26.60%,$12.40B,$1.58B,12.71%,$12.40B,$0.93B,7.50%,$0.93B,$6.37B,15.10%,$0.93B,$0.67B,181.82%,$0.93B,$20.15B,4.59%,$2.00B,$14.37B,14.31%,$2952,$1786,$1166,$0,$323,$2418,$534,$-104,$430,$163,$267,$267,$247,$836,$534,$492,494,$0.50,$0.50,$528,$102,$137,$2417,$11262,$0,$5702,$767,$17731,$20148,$2235,$7999,$2043,$11546,$13781,$6,$5747,$119,$6367,$20148,$437,$601,$50,$651,$22,$0,$0,$-27,$-21,$1067,$-583,$0,$-47,$0,$-3,$-3,$70,$-563,$-106,$0,$-106,$8,$8,$-285,$-73,$-456,$48,$9,$-285
38,2009-03-31,18.84,$12.59,1.5,$26.16,0.72,$6.69,2.82,$2.02,9.33,$2.70B,$2.59B,1.05,$8.10B,$6.19B,1.31,$12.93B,$4.83B,37.37%,$12.93B,$2.10B,16.20%,$12.93B,$2.10B,16.20%,$12.93B,$3.43B,26.54%,$12.93B,$1.68B,12.96%,$12.93B,$1.00B,7.74%,$1.00B,$6.19B,16.69%,$1.00B,$0.56B,261.53%,$1.00B,$20.40B,4.94%,$2.10B,$14.29B,15.19%,$2810,$1725,$1085,$0,$337,$2438,$372,$-101,$271,$101,$170,$170,$155,$671,$372,$492,493,$0.31,$0.31,$947,$103,$119,$2704,$11206,$0,$5633,$857,$17696,$20400,$2586,$8096,$2031,$11621,$14207,$6,$5642,$67,$6193,$20400,$170,$299,$63,$362,$87,$0,$0,$-60,$-13,$519,$-325,$0,$-17,$0,$0,$0,$46,$-296,$443,$0,$443,$4,$4,$-143,$-59,$245,$467,$6,$-143
39,2008-12-31,24.09,$12.60,1.91,$27.02,0.89,$6.99,3.45,$2.19,11.0,$2.34B,$3.04B,0.77,$7.49B,$6.19B,1.21,$13.39B,$4.92B,36.76%,$13.39B,$2.23B,16.69%,$13.39B,$2.23B,16.69%,$13.39B,$3.59B,26.82%,$13.39B,$1.80B,13.42%,$13.39B,$1.09B,8.12%,$1.09B,$6.19B,18.57%,$1.09B,$0.57B,415.68%,$1.09B,$20.23B,5.38%,$2.23B,$13.68B,16.33%,$3108,$1972,$1136,$0,$382,$2649,$459,$-108,$351,$125,$226,$226,$218,$811,$459,$492,495,$0.44,$0.44,$480,$110,$96,$2335,$11402,$0,$5620,$870,$17892,$20227,$3036,$7491,$2031,$11006,$14042,$6,$5631,$88,$6185,$20227,$1128,$1356,$180,$1536,$216,$0,$0,$-122,$-89,$2575,$-1221,$0,$-168,$0,$-9,$-9,$215,$-1183,$-260,$0,$-260,$-373,$-373,$-531,$-92,$-1256,$132,$48,$-531
40,2008-09-30,22.68,$12.02,1.89,$27.18,0.83,$6.61,3.43,$2.36,9.61,$2.59B,$3.01B,0.86,$7.61B,$5.90B,1.29,$13.64B,$5.01B,36.76%,$13.64B,$2.35B,17.23%,$13.64B,$2.35B,17.23%,$13.64B,$3.74B,27.42%,$13.64B,$1.95B,14.28%,$13.64B,$1.18B,8.64%,$1.18B,$5.90B,20.47%,$1.18B,$0.26B,634.19%,$1.18B,$20.34B,5.84%,$2.35B,$13.51B,17.14%,$3525,$2221,$1304,$0,$369,$2893,$632,$-108,$524,$201,$323,$323,$310,$979,$632,$491,494,$0.63,$0.63,$504,$113,$119,$2593,$11291,$0,$5640,$819,$17750,$20343,$3006,$7613,$2058,$11441,$14447,$6,$5547,$182,$5896,$20343,$902,$1004,$96,$1100,$35,$0,$0,$-109,$-100,$1902,$-787,$0,$-138,$0,$0,$0,$149,$-776,$-115,$0,$-115,$-374,$-374,$-399,$-82,$-970,$156,$38,$-399
41,2008-06-30,26.95,$11.67,2.31,$26.59,1.01,$6.52,4.13,$2.27,11.87,$2.41B,$2.58B,0.93,$7.96B,$5.72B,1.39,$13.52B,$4.97B,36.76%,$13.52B,$2.28B,16.89%,$13.52B,$2.28B,16.89%,$13.52B,$3.66B,27.06%,$13.52B,$1.86B,13.76%,$13.52B,$1.15B,8.48%,$1.15B,$5.72B,19.88%,$1.15B,$0.15B,514.48%,$1.15B,$20.05B,5.68%,$2.28B,$13.68B,16.59%,$3489,$2181,$1308,$0,$358,$2857,$632,$-102,$530,$199,$331,$331,$318,$971,$632,$491,495,$0.65,$0.64,$210,$111,$142,$2410,$11300,$0,$5572,$768,$17640,$20050,$2580,$7958,$2052,$11748,$14328,$6,$5371,$206,$5722,$20050,$579,$657,$59,$716,$-29,$0,$0,$-71,$-164,$1131,$-486,$0,$-89,$0,$0,$0,$76,$-499,$-30,$0,$-30,$-369,$-369,$-266,$-106,$-771,$-138,$25,$-266
42,2008-03-31,23.81,$11.40,2.09,$25.95,0.92,$6.35,3.75,$2.27,10.49,$2.57B,$2.59B,0.99,$8.23B,$5.61B,1.47,$13.39B,$4.93B,36.81%,$13.39B,$2.28B,17.06%,$13.39B,$2.28B,17.06%,$13.39B,$3.64B,27.20%,$13.39B,$1.81B,13.52%,$13.39B,$1.17B,8.71%,$1.17B,$5.61B,19.93%,$1.17B,$0.08B,349.63%,$1.17B,$20.18B,5.77%,$2.28B,$13.84B,16.56%,$3266,$2092,$1174,$0,$368,$2755,$511,$-119,$392,$144,$248,$248,$241,$829,$511,$496,498,$0.49,$0.48,$466,$107,$130,$2565,$11297,$0,$5536,$786,$17619,$20184,$2594,$8229,$2021,$11979,$14573,$6,$5187,$207,$5611,$20184,$248,$318,$34,$352,$61,$0,$0,$-66,$-39,$561,$-213,$0,$-55,$0,$0,$0,$68,$-200,$259,$0,$259,$-271,$-271,$-133,$-98,$-243,$118,$12,$-133
43,2007-12-31,22.99,$11.58,1.99,$25.36,0.91,$6.15,3.74,$2.21,10.4,$2.48B,$2.60B,0.96,$8.01B,$5.79B,1.38,$13.31B,$4.91B,36.87%,$13.31B,$2.25B,16.93%,$13.31B,$2.25B,16.93%,$13.31B,$3.60B,27.08%,$13.31B,$1.75B,13.14%,$13.31B,$1.16B,8.74%,$1.16B,$5.79B,19.73%,$1.16B,$0.26B,286.10%,$1.16B,$20.18B,5.77%,$2.25B,$13.80B,16.52%,$3361,$2133,$1228,$0,$371,$2786,$575,$-73,$502,$147,$355,$355,$309,$962,$575,$517,522,$0.61,$0.60,$348,$103,$86,$2480,$11351,$0,$5530,$814,$17695,$20175,$2598,$8008,$2056,$11785,$14383,$6,$5080,$229,$5792,$20175,$1209,$1350,$89,$1439,$-22,$0,$0,$-99,$-209,$2439,$-1211,$0,$188,$184,$0,$184,$78,$-761,$-256,$0,$-256,$-1279,$-1279,$-495,$84,$-1946,$-266,$37,$-495
44,2007-09-30,26.37,$11.64,2.27,$24.93,1.06,$6.01,4.39,$2.06,12.8,$2.86B,$2.74B,1.04,$7.80B,$5.93B,1.31,$13.23B,$4.86B,36.70%,$13.23B,$2.15B,16.26%,$13.23B,$2.15B,16.26%,$13.23B,$3.51B,26.51%,$13.23B,$1.57B,11.88%,$13.23B,$1.10B,8.31%,$1.10B,$5.93B,18.33%,$1.10B,$0.40B,202.49%,$1.10B,$20.28B,5.43%,$2.15B,$13.73B,15.79%,$3403,$2143,$1260,$0,$365,$2838,$565,$-129,$436,$158,$278,$278,$278,$896,$565,$516,520,$0.54,$0.54,$537,$104,$252,$2861,$11162,$0,$5528,$724,$17414,$20275,$2740,$7797,$2091,$11603,$14343,$6,$4894,$222,$5932,$20275,$854,$963,$64,$1027,$-16,$0,$0,$-46,$-35,$1846,$-721,$0,$149,$67,$0,$67,$98,$-407,$-219,$0,$-219,$-922,$-922,$-374,$-4,$-1519,$-77,$0,$-374
45,2007-06-30,27.11,$11.70,2.32,$24.74,1.1,$5.77,4.7,$2.07,13.1,$2.86B,$2.69B,1.06,$7.72B,$6.07B,1.27,$13.27B,$4.86B,36.59%,$13.27B,$2.14B,16.15%,$13.27B,$2.14B,16.15%,$13.27B,$3.51B,26.44%,$13.27B,$1.55B,11.67%,$13.27B,$1.12B,8.46%,$1.12B,$6.07B,18.52%,$1.12B,$0.59B,180.24%,$1.12B,$20.18B,5.49%,$2.14B,$13.79B,15.67%,$3358,$2092,$1266,$0,$343,$2725,$633,$-153,$480,$142,$338,$338,$338,$955,$633,$519,524,$0.65,$0.64,$570,$102,$286,$2861,$11096,$0,$5477,$750,$17323,$20184,$2691,$7723,$2101,$11423,$14114,$6,$4739,$180,$6070,$20184,$576,$632,$-48,$584,$5,$0,$0,$-42,$-85,$1075,$-481,$0,$170,$60,$0,$60,$67,$-184,$-137,$0,$-137,$-572,$-572,$-251,$23,$-937,$-44,$0,$-251
46,2007-03-31,23.74,$11.10,2.14,$24.54,0.97,$5.83,4.08,$2.19,10.84,$2.77B,$2.98B,0.93,$7.46B,$5.78B,1.29,$13.32B,$4.80B,36.04%,$13.32B,$2.08B,15.58%,$13.32B,$2.08B,15.58%,$13.32B,$3.46B,26.00%,$13.32B,$1.52B,11.38%,$13.32B,$1.20B,9.02%,$1.20B,$5.78B,19.69%,$1.20B,$0.37B,178.65%,$1.20B,$20.04B,5.82%,$2.08B,$13.24B,15.13%,$3188,$2034,$1154,$0,$353,$2707,$481,$-150,$331,$93,$238,$238,$238,$791,$481,$529,534,$0.45,$0.45,$471,$101,$344,$2772,$11063,$0,$5413,$795,$17271,$20043,$2977,$7464,$2176,$11286,$14263,$6,$4421,$133,$5780,$20043,$238,$310,$13,$323,$51,$0,$0,$-43,$-23,$538,$-272,$0,$67,$138,$0,$138,$31,$-36,$-108,$0,$-108,$-453,$-453,$-126,$42,$-645,$-143,$0,$-126
47,2006-12-31,25.19,$11.66,2.16,$24.43,1.03,$6.04,4.17,$2.11,11.94,$3.18B,$3.27B,0.97,$7.50B,$6.22B,1.21,$13.36B,$4.78B,35.74%,$13.36B,$2.03B,15.18%,$13.36B,$2.03B,15.18%,$13.36B,$3.44B,25.71%,$13.36B,$1.47B,11.03%,$13.36B,$1.15B,8.60%,$1.15B,$6.22B,18.62%,$1.15B,$0.81B,158.65%,$1.15B,$20.60B,5.52%,$2.03B,$13.72B,14.57%,$3283,$2107,$1176,$0,$348,$2811,$472,$-147,$325,$79,$246,$246,$246,$866,$472,$540,546,$0.46,$0.45,$614,$101,$527,$3182,$11179,$0,$5413,$826,$17418,$20600,$3268,$7495,$1975,$11110,$14378,$6,$4410,$129,$6222,$20600,$1149,$1407,$104,$1511,$12,$0,$0,$-59,$-120,$2540,$-1329,$0,$208,$122,$0,$122,$211,$-788,$-500,$0,$-500,$-777,$-777,$-476,$-50,$-1803,$-52,$28,$-476
