,Date,Stock Price,Book Value per Share,Price to Book Ratio,TTM Sales per Share,Price to Sales Ratio,TTM FCF per Share,Price to FCF Ratio,TTM Net EPS,PE Ratio,Current Assets,Current Liabilities,Current Ratio,Long Term Debt,Shareholder's Equity_x,Debt to Equity Ratio,TTM Revenue_x,TTM Gross Profit,Gross Margin,TTM Revenue_y,TTM Operating Income,Operating Margin,TTM Revenue_x,TTM EBIT,EBIT Margin,TTM Revenue_y,TTM EBITDA,EBITDA Margin,TTM Revenue_x,TTM Pre-Tax Income,Pre-Tax Margin,TTM Revenue_y,TTM Net Income_x,Net Margin,TTM Net Income_y,Shareholder's Equity_y,Return on Equity,TTM Net Income_x,Tangible Equity,Return on Tangible Equity,TTM Net Income_y,Total Assets,Return on Assets,TTM Net Income,LT Investments & Debt,Return on Investment,revenue,cost-goods-sold,gross-profit,research-development-expenses,selling-general-administrative-expenses,operating-expenses,operating-income,total-non-operating-income-expense,pre-tax-income,total-provision-income-taxes,income-after-taxes,income-from-continuous-operations,net-income,ebitda,ebit,basic-shares-outstanding,shares-outstanding,eps-basic-net-earnings-per-share,eps-earnings-per-share-diluted,cash-on-hand,inventory,other-current-assets,total-current-assets,net-property-plant-equipment,long-term-investments,goodwill-intangible-assets-total,other-long-term-assets,total-long-term-assets,total-assets,total-current-liabilities,long-term-debt,other-non-current-liabilities,total-long-term-liabilities,total-liabilities,common-stock-net,retained-earnings-accumulated-deficit,comprehensive-income,total-share-holder-equity,total-liabilities-share-holders-equity,net-income-loss,total-depreciation-amortization-cash-flow,other-non-cash-items,total-non-cash-items,change-in-accounts-receivable,change-in-inventories,change-in-accounts-payable,change-in-assets-liabilities,total-change-in-assets-liabilities,cash-flow-from-operating-activities,net-change-in-property-plant-equipment,net-change-in-intangible-assets,net-acquisitions-divestitures,net-change-in-short-term-investments,net-change-in-long-term-investments,net-change-in-investments-total,investing-activities-other,cash-flow-from-investing-activities,net-long-term-debt,net-current-debt,debt-issuance-retirement-net-total,net-common-equity-issued-repurchased,net-total-equity-issued-repurchased,total-common-preferred-stock-dividends-paid,financial-activities-other,cash-flow-from-financial-activities,net-cash-flow,stock-based-compensation,common-stock-dividends-paid
0,2018-09-30,29.02,$7.66,3.79,$7.61,3.81,$-3.55,0.0,$-0.99,0.0,$1.32B,$1.07B,1.24,$0.59B,$0.96B,0.61,$0.82B,$0.64B,78.06%,$0.82B,$0.01B,0.61%,$0.82B,$0.01B,0.61%,$0.82B,$0.14B,17.52%,$0.82B,$-0.15B,-18.26%,$0.82B,$-0.11B,-13.24%,$-0.11B,$0.96B,-16.01%,$-0.11B,$-0.17B,22.65%,$-0.11B,$2.84B,-4.57%,$0.01B,$1.55B,0.33%,$194,$44,$150,$14,$139,$203,$-9,$-24,$-33,$3,$-36,$-36,$-43,$25,$-9,$113,113,$-0.38,$-0.38,$695,$179,$312,$1324,$221,$0,$1131,$163,$1516,$2839,$1066,$587,$216,$814,$1881,$5,$-1545,$3,$958,$2839,$-136,$103,$33,$135,$6,$-33,$0,$11,$-12,$-13,$-50,$-2,$0,$0,$0,$0,$-1,$-53,$97,$-1,$96,$538,$538,$0,$-42,$593,$527,$18,$0
1,2018-06-30,25.96,$5.34,4.86,$7.52,3.45,$-4.70,0.0,$-1.87,0.0,$0.72B,$0.35B,2.06,$1.06B,$0.57B,1.87,$0.79B,$0.62B,78.06%,$0.79B,$-0.00B,-0.63%,$0.79B,$-0.00B,-0.63%,$0.79B,$0.13B,16.90%,$0.79B,$-0.16B,-20.05%,$0.79B,$-0.20B,-24.84%,$-0.20B,$0.57B,-34.58%,$-0.20B,$-0.57B,34.50%,$-0.20B,$2.41B,-8.94%,$-0.00B,$1.63B,-0.34%,$205,$46,$160,$15,$141,$207,$-2,$-93,$-95,$-4,$-91,$-91,$-68,$32,$-2,$106,106,$-0.64,$-0.64,$313,$171,$98,$722,$217,$0,$1140,$332,$1690,$2412,$350,$1062,$418,$1494,$1844,$4,$-1502,$5,$568,$2412,$-93,$69,$33,$102,$4,$-18,$0,$-1,$-13,$-5,$-30,$-1,$0,$0,$0,$0,$-1,$-31,$76,$-1,$75,$108,$108,$0,$-1,$182,$145,$11,$0
2,2018-03-31,19.84,$5.50,3.6,$7.30,2.72,$-4.77,0.0,$-1.62,0.0,$0.53B,$0.37B,1.42,$0.85B,$0.58B,1.46,$0.77B,$0.60B,78.26%,$0.77B,$-0.01B,-1.56%,$0.77B,$-0.01B,-1.56%,$0.77B,$0.13B,16.41%,$0.77B,$-0.09B,-11.07%,$0.77B,$-0.17B,-22.14%,$-0.17B,$0.58B,-28.99%,$-0.17B,$-0.59B,31.51%,$-0.17B,$2.08B,-7.82%,$-0.01B,$1.44B,-0.85%,$199,$41,$157,$14,$137,$199,$-1,$-19,$-20,$0,$-20,$-20,$-26,$34,$-1,$106,106,$-0.24,$-0.24,$138,$174,$68,$525,$212,$0,$1170,$169,$1552,$2077,$370,$852,$256,$1123,$1493,$4,$-1434,$35,$583,$2077,$-26,$35,$-21,$14,$1,$-10,$0,$2,$-7,$-19,$-12,$-1,$0,$0,$0,$0,$0,$-12,$-1,$-1,$-2,$3,$3,$0,$0,$1,$-30,$5,$0
3,2017-12-31,22.2,$5.56,3.99,$7.14,3.11,$-4.74,0.0,$-1.95,0.0,$0.57B,$0.42B,1.37,$0.84B,$0.59B,1.42,$0.75B,$0.58B,78.28%,$0.75B,$-0.02B,-2.82%,$0.75B,$-0.02B,-2.82%,$0.75B,$0.12B,15.42%,$0.75B,$-0.10B,-13.54%,$0.75B,$-0.20B,-27.21%,$-0.20B,$0.59B,-33.58%,$-0.20B,$-0.58B,40.64%,$-0.20B,$2.13B,-8.97%,$-0.02B,$1.43B,-1.56%,$218,$47,$170,$13,$133,$200,$17,$-18,$-1,$-27,$27,$27,$29,$52,$17,$105,105,$0.28,$0.28,$168,$168,$87,$567,$212,$0,$1165,$184,$1562,$2129,$415,$836,$273,$1125,$1540,$4,$-1409,$22,$589,$2129,$-203,$136,$-52,$83,$2,$-30,$0,$-45,$-65,$-185,$-63,$-2,$-44,$0,$0,$0,$0,$-109,$21,$-1,$19,$28,$28,$0,$0,$47,$-245,$19,$0
4,2017-09-30,25.87,$5.13,5.04,$6.93,3.73,$-2.49,0.0,$-2.65,0.0,$0.64B,$0.49B,1.31,$0.82B,$0.54B,1.52,$0.72B,$0.56B,77.12%,$0.72B,$-0.06B,-7.91%,$0.72B,$-0.06B,-7.91%,$0.72B,$0.09B,11.79%,$0.72B,$-0.14B,-18.86%,$0.72B,$-0.28B,-38.42%,$-0.28B,$0.54B,-44.04%,$-0.28B,$-0.55B,60.95%,$-0.28B,$2.20B,-12.03%,$-0.06B,$1.36B,-4.20%,$171,$38,$132,$12,$131,$189,$-19,$-24,$-43,$-9,$-34,$-34,$-132,$16,$-19,$105,105,$-1.26,$-1.26,$278,$172,$62,$641,$212,$0,$1087,$259,$1560,$2201,$488,$819,$328,$1174,$1662,$4,$-1438,$25,$539,$2201,$-232,$101,$18,$119,$19,$-28,$0,$-15,$-17,$-129,$-49,$-1,$0,$0,$0,$0,$0,$-51,$19,$-1,$18,$25,$25,$0,$0,$43,$-134,$14,$0
5,2017-06-30,27.49,$6.06,4.54,$6.83,4.02,$-1.39,0.0,$-2.46,0.0,$0.72B,$0.50B,1.45,$0.81B,$0.64B,1.27,$0.71B,$0.54B,75.67%,$0.71B,$-0.08B,-10.89%,$0.71B,$-0.08B,-10.89%,$0.71B,$0.08B,10.75%,$0.71B,$-0.15B,-20.93%,$0.71B,$-0.26B,-36.07%,$-0.26B,$0.64B,-37.47%,$-0.26B,$-0.45B,62.69%,$-0.26B,$2.29B,-10.94%,$-0.08B,$1.44B,-5.52%,$180,$38,$142,$13,$131,$188,$-9,$-12,$-21,$0,$-21,$-21,$-41,$24,$-9,$104,104,$-0.39,$-0.39,$379,$162,$55,$724,$207,$0,$1081,$278,$1567,$2291,$501,$806,$323,$1156,$1657,$4,$-1306,$-0,$635,$2291,$-100,$66,$30,$96,$15,$-17,$0,$-14,$-7,$-11,$-31,$-1,$0,$0,$0,$0,$0,$-32,$-10,$-1,$-11,$20,$20,$0,$0,$8,$-33,$9,$0
6,2017-03-31,31.12,$6.29,4.95,$6.77,4.6,$-1.46,0.0,$-4.30,0.0,$0.99B,$1.04B,0.95,$0.51B,$0.66B,0.77,$0.70B,$0.52B,73.78%,$0.70B,$-0.10B,-14.61%,$0.70B,$-0.10B,-14.61%,$0.70B,$0.06B,8.60%,$0.70B,$-0.17B,-24.64%,$0.70B,$-0.44B,-63.47%,$-0.44B,$0.66B,-60.50%,$-0.44B,$-0.43B,121.87%,$-0.44B,$2.43B,-19.10%,$-0.10B,$1.16B,-7.10%,$177,$37,$140,$12,$130,$187,$-10,$-26,$-36,$1,$-37,$-37,$-59,$23,$-10,$104,104,$-0.57,$-0.57,$386,$153,$316,$986,$200,$0,$1082,$158,$1442,$2428,$1041,$507,$197,$732,$1773,$4,$-1265,$-11,$655,$2428,$-59,$33,$25,$58,$13,$-7,$0,$-22,$-14,$-14,$-12,$-1,$0,$0,$0,$0,$0,$-13,$-13,$-1,$-14,$15,$15,$0,$0,$0,$-26,$4,$0
7,2016-12-31,22.98,$6.64,3.46,$6.71,3.42,$-1.38,0.0,$-4.20,0.0,$0.76B,$0.48B,1.6,$0.78B,$0.69B,1.14,$0.69B,$0.50B,72.17%,$0.69B,$-0.12B,-17.83%,$0.69B,$-0.12B,-17.83%,$0.69B,$0.05B,6.52%,$0.69B,$-0.18B,-25.65%,$0.69B,$-0.43B,-62.61%,$-0.43B,$0.69B,-52.43%,$-0.43B,$-0.40B,151.31%,$-0.43B,$2.29B,-19.57%,$-0.12B,$1.47B,-7.97%,$193,$51,$142,$14,$140,$212,$-19,$-17,$-36,$-6,$-30,$-30,$-45,$22,$-19,$103,103,$-0.43,$-0.43,$412,$151,$54,$760,$202,$0,$1083,$245,$1531,$2291,$475,$780,$321,$1129,$1604,$4,$-1206,$-19,$687,$2291,$-432,$168,$291,$459,$-1,$-0,$0,$11,$11,$38,$-50,$-5,$21,$0,$0,$0,$0,$-34,$277,$-1,$276,$5,$5,$0,$-11,$270,$272,$14,$0
8,2016-09-30,24.53,$7.22,3.4,$7.41,3.31,$-4.96,0.0,$-4.80,0.0,$0.74B,$0.43B,1.71,$0.77B,$0.75B,1.03,$0.66B,$0.47B,71.23%,$0.66B,$-0.18B,-27.71%,$0.66B,$-0.18B,-27.71%,$0.66B,$-0.02B,-2.56%,$0.66B,$-0.24B,-35.54%,$0.66B,$-0.49B,-74.25%,$-0.49B,$0.75B,-53.82%,$-0.49B,$-0.36B,243.76%,$-0.49B,$2.32B,-22.90%,$-0.18B,$1.51B,-11.64%,$157,$46,$111,$12,$130,$196,$-39,$-16,$-55,$-2,$-53,$-53,$-110,$7,$-39,$103,103,$-1.07,$-1.07,$314,$171,$122,$739,$211,$0,$1104,$259,$1577,$2316,$431,$769,$342,$1140,$1571,$4,$-1161,$1,$745,$2316,$-388,$127,$225,$352,$10,$-4,$0,$10,$10,$-25,$-38,$-5,$0,$0,$0,$0,$0,$-43,$248,$-1,$247,$2,$2,$0,$-8,$241,$175,$10,$0
9,2016-06-30,17.37,$8.18,2.12,$7.40,2.35,$-7.68,0.0,$-5.66,0.0,$0.79B,$0.40B,1.96,$0.76B,$0.84B,0.9,$0.59B,$0.42B,71.38%,$0.59B,$-0.19B,-31.69%,$0.59B,$-0.19B,-31.69%,$0.59B,$-0.05B,-8.35%,$0.59B,$-0.24B,-41.40%,$0.59B,$-0.48B,-82.11%,$-0.48B,$0.84B,-57.42%,$-0.48B,$-0.27B,584.24%,$-0.48B,$2.24B,-27.86%,$-0.19B,$1.60B,-13.96%,$171,$49,$122,$12,$136,$205,$-34,$-11,$-45,$-3,$-42,$-42,$-229,$8,$-34,$103,103,$-2.23,$-2.23,$326,$183,$138,$785,$216,$0,$1115,$125,$1459,$2244,$400,$759,$203,$1002,$1402,$4,$-1051,$-3,$842,$2244,$-277,$82,$183,$265,$7,$-3,$0,$-12,$-11,$-23,$-25,$-4,$0,$0,$0,$0,$0,$-29,$249,$0,$249,$-3,$-3,$0,$-8,$238,$186,$6,$0
10,2016-03-31,16.6,$9.95,1.67,$7.27,2.28,$-8.67,0.0,$-3.62,0.0,$0.53B,$0.20B,2.64,$0.57B,$1.02B,0.56,$0.50B,$0.36B,71.77%,$0.50B,$-0.19B,-37.50%,$0.50B,$-0.19B,-37.50%,$0.50B,$-0.07B,-14.52%,$0.50B,$-0.24B,-47.38%,$0.50B,$-0.30B,-59.88%,$-0.30B,$1.02B,-40.05%,$-0.30B,$-0.12B,-1697.14%,$-0.30B,$1.98B,-22.36%,$-0.19B,$1.59B,-17.49%,$169,$47,$123,$12,$135,$200,$-31,$-11,$-41,$-1,$-40,$-40,$-48,$8,$-31,$103,103,$-0.47,$-0.47,$121,$216,$50,$528,$237,$0,$1137,$75,$1452,$1979,$200,$570,$144,$757,$957,$4,$-822,$1,$1022,$1979,$-48,$39,$8,$47,$5,$-0,$0,$-13,$-9,$-10,$-9,$-1,$0,$0,$0,$0,$0,$-11,$0,$0,$0,$1,$1,$0,$0,$1,$-18,$3,$0
11,2015-12-31,24.18,$10.28,2.35,$7.11,3.4,$-9.20,0.0,$-3.25,0.0,$0.56B,$0.21B,2.71,$0.56B,$1.06B,0.53,$0.41B,$0.29B,72.10%,$0.41B,$-0.19B,-46.42%,$0.41B,$-0.19B,-46.42%,$0.41B,$-0.10B,-25.68%,$0.41B,$-0.24B,-59.26%,$0.41B,$-0.30B,-73.83%,$-0.30B,$1.06B,-49.98%,$-0.30B,$-0.06B,-384.57%,$-0.30B,$2.07B,-30.04%,$-0.19B,$1.62B,-23.60%,$167,$50,$117,$15,$174,$247,$-80,$-15,$-95,$-4,$-91,$-91,$-106,$-40,$-80,$65,65,$-0.95,$-0.95,$140,$211,$63,$560,$224,$0,$1118,$169,$1514,$2073,$207,$561,$209,$812,$1018,$4,$-774,$-10,$1055,$2073,$-299,$85,$73,$159,$-13,$-25,$0,$-15,$-56,$-196,$-44,$-0,$-5,$0,$3,$3,$30,$-16,$355,$-70,$285,$-56,$-56,$0,$-101,$127,$-88,$25,$0
12,2015-09-30,21.02,$8.91,2.36,$5.42,3.88,$-8.71,0.0,$-2.39,0.0,$0.20B,$0.08B,2.45,$0.08B,$0.44B,0.18,$0.28B,$0.21B,73.85%,$0.28B,$-0.19B,-67.14%,$0.28B,$-0.19B,-67.14%,$0.28B,$-0.14B,-48.41%,$0.28B,$-0.37B,-130.74%,$0.28B,$-0.43B,-152.65%,$-0.43B,$0.44B,-106.86%,$-0.43B,$0.12B,-439.69%,$-0.43B,$0.63B,-61.76%,$-0.19B,$0.52B,-35.70%,$80,$23,$57,$10,$86,$121,$-41,$-21,$-62,$0,$-63,$-63,$-99,$-25,$-41,$53,53,$-1.87,$-1.87,$30,$84,$6,$203,$43,$0,$318,$61,$422,$625,$83,$78,$8,$103,$186,$2,$-327,$-28,$439,$625,$-193,$45,$54,$99,$3,$-34,$0,$-19,$-48,$-142,$-34,$-0,$-5,$0,$3,$3,$0,$-36,$354,$-70,$284,$-57,$-57,$0,$-20,$207,$27,$8,$0
13,2015-06-30,26.26,$9.12,2.88,$5.47,4.8,$-6.02,0.0,$-0.57,0.0,$0.21B,$0.09B,2.47,$0.08B,$0.45B,0.17,$0.28B,$0.21B,75.36%,$0.28B,$-0.15B,-54.64%,$0.28B,$-0.15B,-54.64%,$0.28B,$-0.11B,-37.86%,$0.28B,$-0.31B,-112.14%,$0.28B,$-0.34B,-120.71%,$-0.34B,$0.45B,-81.01%,$-0.34B,$0.13B,-326.57%,$-0.34B,$0.64B,-47.62%,$-0.15B,$0.53B,-28.19%,$80,$22,$59,$8,$83,$115,$-34,$-3,$-37,$0,$-37,$-37,$-44,$-15,$-34,$53,53,$-0.84,$-0.84,$26,$85,$9,$210,$43,$0,$323,$62,$428,$637,$85,$77,$8,$103,$188,$2,$-316,$-26,$450,$637,$-94,$28,$8,$36,$5,$-26,$0,$22,$7,$-51,$-26,$-0,$0,$0,$3,$3,$0,$-23,$354,$0,$354,$-58,$-58,$0,$-20,$276,$201,$6,$0
14,2015-03-31,25.8,$9.17,2.81,$5.73,4.5,$-4.96,0.0,$-0.59,0.0,$0.22B,$0.09B,2.33,$0.08B,$0.45B,0.17,$0.29B,$0.22B,75.96%,$0.29B,$-0.13B,-44.25%,$0.29B,$-0.13B,-44.25%,$0.29B,$-0.09B,-31.01%,$0.29B,$-0.29B,-99.65%,$0.29B,$-0.30B,-105.92%,$-0.30B,$0.45B,-70.29%,$-0.30B,$0.13B,-278.26%,$-0.30B,$0.65B,-41.99%,$-0.13B,$0.53B,-22.85%,$78,$19,$59,$7,$82,$111,$-33,$-13,$-46,$0,$-46,$-46,$-50,$-24,$-33,$52,52,$-0.95,$-0.95,$36,$84,$5,$219,$42,$0,$323,$60,$426,$646,$94,$77,$8,$102,$196,$2,$-307,$-32,$449,$646,$-50,$9,$9,$19,$3,$-15,$0,$11,$6,$-25,$-12,$-0,$0,$0,$3,$3,$0,$-9,$354,$0,$354,$-60,$-60,$0,$-20,$275,$238,$2,$0
15,2014-12-31,26.87,$5.27,5.1,$6.08,4.42,$-4.36,0.0,$-0.60,0.0,$0.44B,$0.19B,2.34,$0.28B,$0.28B,1.01,$0.30B,$0.23B,75.84%,$0.30B,$-0.10B,-33.22%,$0.30B,$-0.10B,-33.22%,$0.30B,$-0.06B,-20.13%,$0.30B,$-0.25B,-82.55%,$0.30B,$-0.26B,-86.91%,$-0.26B,$0.28B,-57.49%,$-0.26B,$0.02B,-222.80%,$-0.26B,$0.89B,-35.01%,$-0.10B,$0.56B,-17.32%,$45,$12,$34,$7,$111,$128,$-82,$-143,$-225,$-6,$-219,$-219,$-239,$-73,$-82,$51,51,$-4.63,$-4.63,$230,$88,$50,$437,$104,$0,$260,$87,$453,$890,$187,$281,$134,$424,$611,$2,$-475,$2,$279,$890,$-260,$40,$120,$160,$-12,$-25,$0,$8,$-16,$-116,$-49,$-12,$194,$0,$12,$12,$0,$146,$-4,$0,$-4,$37,$37,$0,$0,$33,$59,$11,$0
16,2014-09-30,30.3,$10.05,3.02,$5.50,5.51,$-2.50,0.0,$-0.65,0.0,$0.20B,$0.08B,2.59,$0.07B,$0.49B,0.14,$0.27B,$0.21B,79.10%,$0.27B,$-0.28B,-105.22%,$0.27B,$-0.28B,-105.22%,$0.27B,$-0.03B,-11.57%,$0.27B,$-0.23B,-84.70%,$0.27B,$-0.27B,-100.00%,$-0.27B,$0.49B,-52.32%,$-0.27B,$0.14B,-177.78%,$-0.27B,$0.67B,-38.64%,$-0.28B,$0.56B,-48.62%,$77,$18,$59,$6,$57,$81,$-4,$-1,$-6,$-0,$-5,$-5,$-5,$6,$-4,$49,49,$-0.11,$-0.11,$26,$94,$6,$204,$45,$0,$349,$68,$462,$666,$79,$68,$7,$96,$174,$2,$-293,$3,$491,$666,$-21,$31,$6,$36,$-1,$-22,$0,$-1,$-20,$-5,$-27,$-0,$0,$0,$0,$0,$-2,$-29,$-0,$-1,$-1,$3,$3,$0,$0,$2,$-31,$7,$0
17,2014-06-30,31.4,$10.48,3.0,$5.32,5.91,$-1.97,0.0,$-0.67,0.0,$0.22B,$0.09B,2.53,$0.07B,$0.51B,0.13,$0.26B,$0.20B,77.91%,$0.26B,$-0.28B,-109.30%,$0.26B,$-0.28B,-109.30%,$0.26B,$-0.03B,-12.40%,$0.26B,$-0.23B,-87.60%,$0.26B,$-0.27B,-104.26%,$-0.27B,$0.51B,-51.71%,$-0.27B,$0.15B,-174.39%,$-0.27B,$0.69B,-38.44%,$-0.28B,$0.58B,-48.00%,$87,$21,$66,$6,$63,$95,$-8,$-2,$-9,$1,$-10,$-10,$-10,$2,$-8,$49,49,$-0.21,$-0.21,$32,$96,$7,$217,$44,$0,$362,$70,$477,$694,$86,$68,$8,$97,$183,$2,$-288,$21,$511,$694,$-16,$20,$8,$29,$-3,$-15,$0,$-2,$-13,$0,$-19,$-0,$0,$0,$0,$0,$-8,$-27,$-0,$0,$-0,$2,$2,$0,$0,$2,$-25,$5,$0
18,2014-03-31,31.07,$10.73,2.89,$5.27,5.9,$-1.56,0.0,$-0.74,0.0,$0.23B,$0.09B,2.67,$0.07B,$0.52B,0.13,$0.25B,$0.19B,76.71%,$0.25B,$-0.28B,-113.25%,$0.25B,$-0.28B,-113.25%,$0.25B,$-0.03B,-13.25%,$0.25B,$-0.23B,-91.97%,$0.25B,$-0.27B,-109.24%,$-0.27B,$0.52B,-52.36%,$-0.27B,$0.15B,-178.36%,$-0.27B,$0.71B,-39.01%,$-0.28B,$0.59B,-48.10%,$89,$22,$67,$6,$59,$94,$-5,$-1,$-6,$-1,$-5,$-5,$-5,$5,$-5,$49,49,$-0.11,$-0.11,$49,$91,$4,$228,$43,$0,$367,$69,$480,$709,$85,$68,$13,$102,$188,$2,$-277,$25,$521,$709,$-5,$10,$4,$14,$-5,$-7,$0,$-1,$-5,$3,$-9,$-0,$0,$0,$0,$0,$-2,$-11,$-0,$0,$-0,$0,$0,$0,$0,$-0,$-7,$2,$0
19,2013-12-31,30.71,$10.84,2.83,$5.41,5.67,$-1.25,0.0,$-0.80,0.0,$0.23B,$0.08B,2.97,$0.07B,$0.53B,0.13,$0.24B,$0.18B,75.31%,$0.24B,$-0.28B,-116.05%,$0.24B,$-0.28B,-116.05%,$0.24B,$-0.03B,-13.99%,$0.24B,$-0.23B,-94.65%,$0.24B,$-0.27B,-112.76%,$-0.27B,$0.53B,-55.24%,$-0.27B,$0.16B,-209.56%,$-0.27B,$0.71B,-40.13%,$-0.28B,$0.59B,-49.11%,$15,$-5,$20,$4,$80,$280,$-265,$59,$-206,$48,$-254,$-254,$-248,$-44,$-265,$48,48,$-5.11,$-5.11,$57,$87,$4,$227,$43,$0,$369,$66,$479,$705,$76,$68,$14,$103,$180,$2,$-272,$27,$526,$705,$-274,$248,$0,$248,$-3,$3,$0,$-9,$-11,$-37,$-28,$-4,$-95,$0,$7,$7,$0,$-121,$-1,$0,$-1,$6,$6,$0,$1,$6,$-152,$15,$0
20,2013-09-30,26.08,$10.81,2.41,$7.08,3.68,$-0.05,0.0,$-0.70,0.0,$0.22B,$0.07B,3.15,$0.07B,$0.52B,0.13,$0.31B,$0.22B,70.03%,$0.31B,$-0.03B,-10.10%,$0.31B,$-0.03B,-10.10%,$0.31B,$0.01B,1.63%,$0.31B,$-0.04B,-13.36%,$0.31B,$-0.03B,-10.10%,$-0.03B,$0.52B,-6.55%,$-0.03B,$0.16B,-28.44%,$-0.03B,$0.69B,-4.63%,$-0.03B,$0.59B,-5.50%,$67,$19,$48,$5,$47,$70,$-4,$-2,$-5,$1,$-6,$-6,$-6,$5,$-4,$48,48,$-0.13,$-0.13,$63,$85,$3,$220,$42,$0,$367,$61,$471,$691,$70,$66,$11,$97,$167,$2,$-261,$19,$523,$691,$-26,$27,$12,$39,$5,$-6,$0,$6,$6,$18,$-24,$-2,$0,$0,$0,$0,$-6,$-32,$-54,$-1,$-55,$99,$99,$0,$-0,$44,$31,$5,$0
21,2013-06-30,26.21,$10.65,2.46,$7.15,3.67,$-0.05,0.0,$-0.86,0.0,$0.22B,$0.08B,2.95,$0.07B,$0.51B,0.13,$0.30B,$0.21B,70.13%,$0.30B,$-0.04B,-12.75%,$0.30B,$-0.04B,-12.75%,$0.30B,$-0.00B,-1.34%,$0.30B,$-0.05B,-15.77%,$0.30B,$-0.04B,-12.42%,$-0.04B,$0.51B,-8.37%,$-0.04B,$0.14B,-32.82%,$-0.04B,$0.68B,-5.91%,$-0.04B,$0.57B,-7.29%,$78,$22,$56,$6,$51,$87,$-8,$-4,$-12,$0,$-13,$-13,$-13,$1,$-8,$45,45,$-0.28,$-0.28,$59,$82,$8,$222,$39,$0,$365,$57,$462,$684,$75,$66,$15,$101,$176,$2,$-255,$9,$508,$684,$-19,$18,$13,$31,$1,$-2,$0,$2,$7,$18,$-17,$-0,$0,$0,$0,$0,$-6,$-23,$-53,$-1,$-54,$88,$88,$0,$-0,$34,$28,$3,$0
22,2013-03-31,23.81,$10.19,2.34,$7.08,3.36,$-0.02,0.0,$-0.71,0.0,$0.20B,$0.08B,2.66,$0.11B,$0.43B,0.27,$0.29B,$0.20B,70.28%,$0.29B,$-0.04B,-12.24%,$0.29B,$-0.04B,-12.24%,$0.29B,$-0.00B,-1.05%,$0.29B,$-0.04B,-13.99%,$0.29B,$-0.03B,-10.14%,$-0.03B,$0.43B,-6.99%,$-0.03B,$0.07B,-24.07%,$-0.03B,$0.65B,-4.96%,$-0.04B,$0.54B,-7.24%,$83,$24,$59,$6,$52,$87,$-5,$-2,$-7,$0,$-7,$-7,$-7,$4,$-5,$42,42,$-0.17,$-0.17,$36,$84,$6,$202,$36,$0,$360,$53,$449,$651,$76,$113,$15,$148,$224,$2,$-243,$3,$427,$651,$-7,$9,$7,$16,$-2,$-1,$0,$2,$8,$16,$-8,$-0,$0,$0,$0,$0,$-3,$-11,$-2,$0,$-2,$3,$3,$0,$-0,$0,$5,$2,$0
23,2012-12-31,20.99,$10.45,2.01,$6.99,3.0,$-0.13,0.0,$-0.54,0.0,$0.20B,$0.06B,3.26,$0.12B,$0.44B,0.27,$0.28B,$0.20B,70.40%,$0.28B,$-0.03B,-10.47%,$0.28B,$-0.03B,-10.47%,$0.28B,$0.00B,0.36%,$0.28B,$-0.03B,-11.55%,$0.28B,$-0.02B,-7.94%,$-0.02B,$0.44B,-5.35%,$-0.02B,$0.07B,-14.72%,$-0.02B,$0.65B,-3.96%,$-0.03B,$0.55B,-6.34%,$79,$27,$52,$6,$46,$93,$-14,$-3,$-17,$-12,$-5,$-5,$-5,$-5,$-14,$40,40,$-0.12,$-0.12,$31,$87,$4,$197,$37,$0,$366,$53,$457,$654,$61,$115,$22,$158,$218,$2,$-236,$9,$436,$654,$-22,$30,$11,$41,$-2,$-3,$0,$1,$-5,$14,$-20,$-1,$0,$0,$0,$0,$-104,$-126,$92,$-8,$84,$8,$8,$0,$-5,$87,$-24,$7,$0
24,2012-09-30,22.11,$9.98,2.22,$6.83,3.24,$-0.07,0.0,$-0.47,0.0,$0.20B,$0.08B,2.73,$0.02B,$0.40B,0.05,$0.27B,$0.19B,71.91%,$0.27B,$-0.02B,-5.99%,$0.27B,$-0.02B,-5.99%,$0.27B,$0.01B,4.49%,$0.27B,$-0.02B,-5.99%,$0.27B,$-0.02B,-7.12%,$-0.02B,$0.40B,-4.72%,$-0.02B,$0.17B,-10.84%,$-0.02B,$0.52B,-3.65%,$-0.02B,$0.42B,-3.76%,$58,$16,$42,$5,$39,$69,$-11,$-1,$-11,$0,$-12,$-12,$-12,$-4,$-11,$40,40,$-0.29,$-0.29,$58,$81,$4,$204,$36,$0,$226,$51,$312,$517,$75,$21,$6,$45,$120,$2,$-231,$5,$397,$517,$-17,$21,$12,$33,$5,$-3,$0,$-3,$-5,$11,$-16,$-1,$0,$0,$0,$0,$-3,$-21,$-3,$9,$6,$7,$7,$0,$0,$13,$4,$5,$0
25,2012-06-30,21.35,$10.06,2.12,$6.84,3.12,$-0.14,0.0,$-0.22,0.0,$0.21B,$0.07B,2.91,$0.02B,$0.40B,0.06,$0.27B,$0.19B,71.54%,$0.27B,$-0.01B,-3.37%,$0.27B,$-0.01B,-3.37%,$0.27B,$0.02B,7.12%,$0.27B,$-0.01B,-3.37%,$0.27B,$-0.01B,-3.37%,$-0.01B,$0.40B,-2.22%,$-0.01B,$0.17B,-5.11%,$-0.01B,$0.52B,-1.72%,$-0.01B,$0.42B,-2.09%,$66,$18,$48,$5,$42,$71,$-5,$-0,$-5,$-0,$-5,$-5,$-5,$2,$-5,$40,40,$-0.13,$-0.13,$61,$79,$4,$208,$32,$0,$225,$51,$309,$516,$71,$22,$5,$46,$117,$2,$-219,$-1,$399,$516,$-5,$14,$8,$22,$-0,$-2,$0,$-2,$-3,$13,$-11,$-2,$0,$0,$0,$0,$-2,$-16,$1,$3,$4,$6,$6,$0,$0,$10,$7,$3,$0
26,2012-03-31,19.32,$10.48,1.84,$6.84,2.83,$-0.12,0.0,$-0.16,0.0,$0.22B,$0.08B,2.91,$0.03B,$0.41B,0.06,$0.27B,$0.19B,71.43%,$0.27B,$-0.01B,-2.26%,$0.27B,$-0.01B,-2.26%,$0.27B,$0.02B,7.89%,$0.27B,$-0.01B,-2.63%,$0.27B,$-0.01B,-2.63%,$-0.01B,$0.41B,-1.70%,$-0.01B,$0.18B,-3.96%,$-0.01B,$0.54B,-1.32%,$-0.01B,$0.44B,-1.37%,$74,$21,$53,$6,$44,$73,$1,$-0,$1,$1,$-0,$-0,$-0,$8,$1,$39,39,$-0.01,$-0.01,$69,$80,$3,$221,$34,$0,$230,$52,$317,$537,$76,$25,$5,$48,$124,$2,$-214,$12,$414,$537,$-0,$7,$3,$10,$-5,$0,$0,$-1,$-1,$9,$-5,$-0,$0,$0,$0,$0,$0,$-5,$3,$3,$6,$3,$3,$0,$0,$9,$14,$2,$0
27,2011-12-31,16.5,$10.22,1.61,$6.90,2.39,$-0.12,0.0,$-0.84,0.0,$0.20B,$0.07B,3.04,$0.02B,$0.40B,0.06,$0.26B,$0.19B,71.26%,$0.26B,$-0.01B,-2.30%,$0.26B,$-0.01B,-2.30%,$0.26B,$0.02B,8.05%,$0.26B,$-0.04B,-14.94%,$0.26B,$-0.03B,-11.88%,$-0.03B,$0.40B,-7.47%,$-0.03B,$0.17B,-17.77%,$-0.03B,$0.51B,-5.84%,$-0.01B,$0.42B,-1.37%,$69,$20,$49,$5,$42,$70,$-1,$0,$-1,$1,$-2,$-2,$-2,$6,$-1,$38,38,$-0.01,$-0.01,$55,$80,$3,$199,$33,$0,$228,$51,$313,$512,$65,$22,$6,$45,$110,$2,$-214,$5,$401,$512,$-30,$28,$32,$60,$-5,$-8,$0,$4,$-6,$23,$-26,$-3,$0,$0,$0,$0,$0,$-29,$-119,$-11,$-130,$172,$172,$0,$-3,$39,$30,$7,$0
28,2011-09-30,17.88,$10.48,1.71,$7.30,2.45,$-0.68,0.0,$-1.06,0.0,$0.20B,$0.06B,3.17,$0.02B,$0.41B,0.06,$0.25B,$0.18B,71.15%,$0.25B,$-0.01B,-3.16%,$0.25B,$-0.01B,-3.16%,$0.25B,$0.02B,7.51%,$0.25B,$-0.05B,-18.18%,$0.25B,$-0.04B,-14.62%,$-0.04B,$0.41B,-9.69%,$-0.04B,$0.18B,-26.71%,$-0.04B,$0.52B,-7.04%,$-0.01B,$0.44B,-1.87%,$58,$17,$41,$4,$38,$62,$-4,$0,$-4,$-2,$-2,$-2,$-2,$3,$-4,$39,39,$-0.04,$-0.04,$56,$86,$4,$204,$33,$0,$236,$50,$320,$524,$64,$24,$4,$48,$113,$2,$-212,$15,$411,$524,$-28,$21,$31,$52,$-1,$-11,$0,$2,$-13,$11,$-19,$-2,$0,$0,$0,$0,$0,$-21,$-118,$-8,$-126,$171,$171,$0,$-3,$42,$31,$5,$0
29,2011-06-30,15.0,$10.88,1.38,$7.51,2.0,$-1.04,0.0,$-1.45,0.0,$0.21B,$0.07B,3.29,$0.03B,$0.43B,0.06,$0.25B,$0.18B,71.43%,$0.25B,$-0.01B,-4.08%,$0.25B,$-0.01B,-4.08%,$0.25B,$0.02B,6.94%,$0.25B,$-0.06B,-22.86%,$0.25B,$-0.05B,-19.59%,$-0.05B,$0.43B,-13.71%,$-0.05B,$0.18B,-46.27%,$-0.05B,$0.55B,-9.24%,$-0.01B,$0.45B,-2.40%,$65,$18,$47,$5,$41,$67,$-2,$-0,$-3,$0,$-3,$-3,$-3,$4,$-2,$39,39,$-0.07,$-0.07,$60,$86,$4,$213,$35,$0,$248,$48,$332,$545,$65,$27,$5,$56,$121,$2,$-210,$32,$425,$545,$-27,$14,$32,$46,$-4,$-7,$0,$2,$-6,$12,$-10,$-2,$0,$0,$0,$0,$0,$-12,$-117,$-17,$-133,$168,$168,$0,$-3,$32,$35,$3,$0
30,2011-03-31,17.01,$10.80,1.58,$7.84,2.17,$-1.50,0.0,$-1.69,0.0,$0.22B,$0.07B,3.18,$0.03B,$0.42B,0.06,$0.24B,$0.17B,71.49%,$0.24B,$-0.01B,-3.83%,$0.24B,$-0.01B,-3.83%,$0.24B,$0.02B,7.66%,$0.24B,$-0.06B,-26.81%,$0.24B,$-0.05B,-22.98%,$-0.05B,$0.42B,-17.24%,$-0.05B,$0.17B,-77.14%,$-0.05B,$0.54B,-10.75%,$-0.01B,$0.45B,-2.28%,$69,$20,$49,$5,$41,$69,$1,$-32,$-31,$-7,$-24,$-24,$-24,$8,$1,$35,35,$-0.68,$-0.68,$64,$80,$4,$215,$35,$0,$248,$44,$327,$542,$68,$26,$5,$53,$121,$2,$-208,$27,$422,$542,$-24,$7,$27,$34,$-6,$-2,$0,$3,$-3,$7,$-4,$0,$0,$0,$0,$0,$-0,$-4,$-118,$-13,$-131,$168,$168,$0,$-2,$35,$39,$1,$0
31,2010-12-31,15.53,$9.14,1.7,$8.38,1.85,$-1.76,0.0,$-1.42,0.0,$0.17B,$0.08B,2.27,$0.11B,$0.27B,0.41,$0.23B,$0.16B,71.93%,$0.23B,$-0.01B,-6.14%,$0.23B,$-0.01B,-6.14%,$0.23B,$0.01B,5.26%,$0.23B,$-0.04B,-19.30%,$0.23B,$-0.04B,-17.54%,$-0.04B,$0.27B,-15.09%,$-0.04B,$0.03B,-186.05%,$-0.04B,$0.49B,-8.08%,$-0.01B,$0.38B,-3.84%,$61,$18,$43,$5,$39,$65,$-3,$-5,$-8,$0,$-8,$-8,$-8,$4,$-3,$28,28,$-0.27,$-0.27,$25,$78,$4,$173,$34,$0,$241,$43,$318,$491,$76,$110,$6,$145,$221,$1,$-184,$15,$270,$491,$-40,$27,$33,$60,$-4,$-17,$0,$1,$-17,$3,$-21,$-2,$0,$0,$0,$0,$0,$-23,$4,$6,$10,$1,$1,$0,$-4,$7,$-13,$6,$0
32,2010-09-30,14.41,$9.57,1.51,$8.49,1.7,$-1.98,0.0,$-2.40,0.0,$0.17B,$0.08B,2.19,$0.10B,$0.28B,0.37,$0.22B,$0.16B,72.32%,$0.22B,$-0.02B,-8.48%,$0.22B,$-0.02B,-8.48%,$0.22B,$0.01B,4.91%,$0.22B,$-0.08B,-34.38%,$0.22B,$-0.06B,-28.13%,$-0.06B,$0.28B,-24.95%,$-0.06B,$0.04B,-1680.00%,$-0.06B,$0.50B,-12.55%,$-0.02B,$0.39B,-5.47%,$50,$14,$36,$4,$35,$55,$-6,$-9,$-14,$-2,$-13,$-13,$-13,$1,$-6,$30,30,$-0.43,$-0.43,$26,$79,$4,$173,$35,$0,$247,$44,$326,$499,$79,$104,$5,$137,$216,$1,$-175,$21,$283,$499,$-31,$20,$27,$47,$1,$-17,$0,$-4,$-16,$-1,$-16,$0,$0,$0,$0,$0,$-2,$-18,$0,$7,$7,$1,$1,$0,$-2,$7,$-12,$4,$0
33,2010-06-30,16.61,$3.14,5.3,$12.74,1.3,$-1.98,0.0,$-1.97,0.0,$0.17B,$0.08B,2.19,$0.09B,$0.28B,0.32,$0.32B,$0.23B,72.64%,$0.32B,$-0.03B,-9.43%,$0.32B,$-0.03B,-9.43%,$0.32B,0,0.00%,$0.32B,$-0.09B,-28.93%,$0.32B,$-0.08B,-23.58%,$-0.08B,$0.28B,-25.84%,$-0.08B,$0.04B,-72.64%,$-0.08B,$0.48B,-13.55%,$-0.03B,$0.37B,-7.33%,$55,$15,$40,$4,$34,$56,$-1,$-9,$-10,$-1,$-9,$-9,$-9,$5,$-1,$27,27,$-0.31,$-0.31,$33,$71,$4,$167,$34,$0,$237,$40,$311,$478,$76,$90,$5,$124,$200,$1,$-163,$5,$278,$478,$-19,$13,$17,$30,$-1,$-10,$0,$-2,$-8,$3,$-14,$0,$0,$0,$0,$0,$-2,$-15,$-5,$14,$9,$1,$1,$0,$-1,$9,$-5,$3,$0
34,2010-03-31,17.77,$2.97,5.98,$12.12,1.47,$-1.70,0.0,$-1.66,0.0,$0.19B,$0.08B,2.43,$0.09B,$0.23B,0.4,$0.36B,$0.26B,72.45%,$0.36B,$-0.04B,-10.19%,$0.36B,$-0.04B,-10.19%,$0.36B,$-0.01B,-1.93%,$0.36B,$-0.10B,-26.72%,$0.36B,$-0.08B,-22.04%,$-0.08B,$0.23B,-24.48%,$-0.08B,$-0.02B,-40.20%,$-0.08B,$0.51B,-13.16%,$-0.04B,$0.32B,-7.82%,$62,$17,$45,$5,$41,$66,$-4,$-8,$-12,$-2,$-10,$-10,$-10,$2,$-4,$25,25,$-0.41,$-0.41,$38,$83,$5,$187,$36,$0,$250,$26,$324,$511,$77,$93,$91,$204,$281,$1,$-154,$14,$229,$511,$-10,$7,$8,$15,$-1,$-5,$0,$-0,$-1,$4,$-8,$0,$0,$0,$0,$0,$-1,$-9,$1,$4,$4,$1,$1,$0,$0,$5,$0,$2,$0
35,2009-12-31,18.94,$8.91,2.13,$10.32,1.83,$-1.60,0.0,$-1.25,0.0,$0.17B,$0.07B,2.37,$0.09B,$0.22B,0.42,$0.35B,$0.25B,72.16%,$0.35B,$-0.04B,-10.23%,$0.35B,$-0.04B,-10.23%,$0.35B,$-0.01B,-1.99%,$0.35B,$-0.09B,-25.28%,$0.35B,$-0.07B,-21.02%,$-0.07B,$0.22B,-19.84%,$-0.07B,$-0.04B,-24.07%,$-0.07B,$0.52B,-11.35%,$-0.04B,$0.31B,-6.59%,$57,$16,$41,$4,$38,$65,$-8,$-33,$-41,$-10,$-31,$-31,$-31,$3,$-8,$25,25,$-1.25,$-1.25,$38,$69,$5,$171,$35,$0,$262,$41,$349,$520,$72,$92,$91,$228,$300,$1,$-145,$19,$220,$520,$-56,$30,$42,$30,$0,$-14,$0,$-1,$-14,$3,$-25,$0,$0,$0,$0,$0,$-8,$-32,$-4,$-4,$-4,$52,$52,$0,$0,$45,$17,$4,$0
36,2009-09-30,17.86,$0.00,0.0,$8.00,2.23,$-0.74,0.0,0,0.0,$0.48B,$0.07B,7.23,$0.20B,$0.04B,5.23,$0.30B,$0.21B,72.20%,$0.30B,$-0.03B,-9.49%,$0.30B,$-0.03B,-9.49%,$0.30B,$-0.01B,-3.39%,$0.30B,$-0.05B,-16.27%,$0.30B,$-0.04B,-14.58%,$-0.04B,$0.43B,-11.38%,$-0.04B,$0.43B,-11.38%,$-0.04B,$0.71B,-6.71%,$-0.03B,$0.63B,-5.17%,$144,$39,$105,$14,$98,$161,$-17,$-12,$-29,$-4,$-25,$-25,$-25,$-10,$-17,$24,24,$-1.03,$-1.03,$162,$166,$0,$484,$0,$0,$0,$0,$0,$705,$67,$200,$0,$200,$271,$0,$38,$0,$434,$0,$-25,$19,$17,$36,$4,$-12,$0,$2,$-7,$4,$-17,$0,$0,$0,$0,$0,$-7,$-24,$-6,$-2,$-8,$52,$52,$0,$0,$44,$24,$3,$0
