,Date,Stock Price,Book Value per Share,Price to Book Ratio,TTM Sales per Share,Price to Sales Ratio,TTM FCF per Share,Price to FCF Ratio,TTM Net EPS,PE Ratio,Current Assets,Current Liabilities,Current Ratio,Long Term Debt,Shareholder's Equity_x,Debt to Equity Ratio,TTM Revenue_x,TTM Gross Profit,Gross Margin,TTM Revenue_y,TTM Operating Income,Operating Margin,TTM Revenue_x,TTM EBIT,EBIT Margin,TTM Revenue_y,TTM EBITDA,EBITDA Margin,TTM Revenue_x,TTM Pre-Tax Income,Pre-Tax Margin,TTM Revenue_y,TTM Net Income_x,Net Margin,TTM Net Income_y,Shareholder's Equity_y,Return on Equity,TTM Net Income_x,Tangible Equity,Return on Tangible Equity,TTM Net Income_y,Total Assets,Return on Assets,TTM Net Income,LT Investments & Debt,Return on Investment,revenue,cost-goods-sold,gross-profit,research-development-expenses,selling-general-administrative-expenses,operating-expenses,operating-income,total-non-operating-income-expense,pre-tax-income,total-provision-income-taxes,income-after-taxes,income-from-continuous-operations,net-income,ebitda,ebit,basic-shares-outstanding,shares-outstanding,eps-basic-net-earnings-per-share,eps-earnings-per-share-diluted,cash-on-hand,inventory,other-current-assets,total-current-assets,net-property-plant-equipment,long-term-investments,goodwill-intangible-assets-total,other-long-term-assets,total-long-term-assets,total-assets,total-current-liabilities,long-term-debt,other-non-current-liabilities,total-long-term-liabilities,total-liabilities,common-stock-net,retained-earnings-accumulated-deficit,comprehensive-income,total-share-holder-equity,total-liabilities-share-holders-equity,net-income-loss,total-depreciation-amortization-cash-flow,other-non-cash-items,total-non-cash-items,change-in-accounts-receivable,change-in-inventories,change-in-accounts-payable,change-in-assets-liabilities,total-change-in-assets-liabilities,cash-flow-from-operating-activities,net-change-in-property-plant-equipment,net-change-in-intangible-assets,net-acquisitions-divestitures,net-change-in-short-term-investments,net-change-in-long-term-investments,net-change-in-investments-total,investing-activities-other,cash-flow-from-investing-activities,net-long-term-debt,net-current-debt,debt-issuance-retirement-net-total,net-common-equity-issued-repurchased,net-total-equity-issued-repurchased,total-common-preferred-stock-dividends-paid,financial-activities-other,cash-flow-from-financial-activities,net-cash-flow,stock-based-compensation,common-stock-dividends-paid
0,2018-09-30,18.23,$8.56,2.13,$36.67,0.5,$3.63,5.02,$1.77,10.3,$0.60B,$0.31B,1.94,$0.50B,$0.48B,1.05,$2.20B,$0.29B,13.05%,$2.20B,$0.12B,5.64%,$2.20B,$0.12B,5.64%,$2.20B,$0.18B,8.00%,$2.20B,$0.11B,4.86%,$2.20B,$0.11B,4.86%,$0.11B,$0.48B,21.42%,$0.11B,$-0.05B,-247.40%,$0.11B,$1.35B,7.81%,$0.12B,$0.98B,12.35%,$553,$488,$65,$0,$32,$537,$17,$-7,$10,$5,$5,$5,$5,$39,$17,$57,58,$0.08,$0.08,$104,$232,$0,$597,$199,$0,$526,$28,$754,$1350,$308,$504,$21,$562,$870,$1,$143,$-2,$480,$1350,$58,$43,$-0,$42,$-49,$-66,$0,$-5,$-43,$57,$-3,$0,$0,$0,$0,$0,$3,$0,$-82,$0,$-82,$-43,$-43,$-14,$0,$-139,$-82,$8,$-14
1,2018-06-30,18.59,$8.72,2.13,$33.92,0.55,$3.63,5.12,$1.99,9.34,$0.60B,$0.31B,1.96,$0.50B,$0.50B,1.01,$2.07B,$0.28B,13.66%,$2.07B,$0.13B,6.47%,$2.07B,$0.13B,6.47%,$2.07B,$0.17B,8.30%,$2.07B,$0.13B,6.13%,$2.07B,$0.12B,5.84%,$0.12B,$0.50B,24.13%,$0.12B,$-0.04B,-250.78%,$0.12B,$1.37B,8.78%,$0.13B,$1.00B,13.31%,$613,$527,$85,$0,$34,$567,$46,$-3,$43,$11,$32,$32,$32,$56,$46,$58,59,$0.55,$0.54,$119,$234,$0,$604,$196,$0,$543,$27,$765,$1369,$309,$504,$20,$561,$870,$1,$143,$-3,$499,$1369,$53,$20,$-3,$17,$-47,$-56,$0,$0,$-30,$40,$5,$0,$0,$0,$0,$0,$3,$8,$-81,$0,$-81,$-21,$-21,$-9,$0,$-111,$-62,$5,$-9
2,2018-03-31,20.65,$8.84,2.34,$30.48,0.68,$3.94,5.24,$1.81,11.41,$0.64B,$0.33B,1.91,$0.51B,$0.51B,0.98,$1.90B,$0.27B,14.04%,$1.90B,$0.13B,6.70%,$1.90B,$0.13B,6.70%,$1.90B,$0.16B,8.60%,$1.90B,$0.12B,6.33%,$1.90B,$0.11B,5.91%,$0.11B,$0.51B,22.63%,$0.11B,$-0.04B,503.37%,$0.11B,$1.41B,8.83%,$0.13B,$1.02B,13.79%,$491,$427,$64,$0,$33,$466,$26,$0,$26,$5,$21,$21,$21,$36,$26,$58,61,$0.37,$0.35,$153,$237,$0,$637,$196,$0,$549,$27,$772,$1410,$334,$505,$20,$562,$896,$1,$115,$-2,$513,$1410,$21,$10,$-3,$8,$-46,$-58,$0,$-1,$-41,$-12,$3,$0,$0,$0,$0,$0,$3,$7,$-18,$0,$-18,$-5,$-5,$-5,$0,$-27,$-33,$3,$-5
3,2017-12-31,21.46,$8.79,2.44,$28.13,0.76,$5.12,4.19,$1.78,12.06,$0.58B,$0.28B,2.03,$0.51B,$0.51B,1.0,$1.77B,$0.26B,14.77%,$1.77B,$0.13B,7.41%,$1.77B,$0.13B,7.41%,$1.77B,$0.17B,9.39%,$1.77B,$0.12B,6.96%,$1.77B,$0.11B,6.28%,$0.11B,$0.51B,22.79%,$0.11B,$-0.05B,120.65%,$0.11B,$1.35B,9.63%,$0.13B,$1.01B,15.72%,$543,$471,$73,$0,$32,$508,$35,$-7,$28,$-21,$49,$49,$49,$45,$35,$59,63,$0.84,$0.80,$192,$181,$0,$576,$195,$0,$554,$25,$775,$1352,$284,$505,$20,$562,$845,$1,$99,$-2,$506,$1352,$111,$35,$-9,$26,$32,$-13,$0,$-11,$7,$144,$-15,$0,$-323,$0,$0,$0,$6,$-332,$-18,$325,$307,$-69,$-69,$-15,$-7,$216,$28,$10,$-15
4,2017-09-30,22.51,$8.27,2.72,$26.48,0.85,$5.46,4.12,$1.34,16.8,$0.59B,$0.29B,2.03,$0.51B,$0.49B,1.04,$1.69B,$0.26B,15.36%,$1.69B,$0.14B,8.13%,$1.69B,$0.14B,8.13%,$1.69B,$0.17B,10.14%,$1.69B,$0.13B,7.71%,$1.69B,$0.09B,5.04%,$0.09B,$0.49B,17.76%,$0.09B,$-0.07B,52.63%,$0.09B,$1.38B,8.18%,$0.14B,$0.99B,18.09%,$425,$364,$61,$0,$22,$399,$27,$3,$30,$11,$19,$19,$19,$35,$27,$59,62,$0.32,$0.30,$154,$246,$0,$585,$196,$0,$553,$24,$794,$1379,$289,$506,$30,$602,$891,$1,$54,$-2,$488,$1379,$62,$25,$3,$28,$26,$-78,$0,$-1,$-29,$61,$-3,$0,$-323,$0,$0,$0,$6,$-320,$-17,$325,$308,$-41,$-41,$-12,$-6,$249,$-10,$8,$-12
5,2017-06-30,21.62,$8.01,2.7,$26.68,0.81,$5.90,3.66,$1.55,13.95,$0.52B,$0.25B,2.12,$0.19B,$0.47B,0.4,$1.73B,$0.28B,16.29%,$1.73B,$0.17B,9.57%,$1.73B,$0.17B,9.57%,$1.73B,$0.20B,11.59%,$1.73B,$0.15B,8.81%,$1.73B,$0.10B,5.74%,$0.10B,$0.47B,20.59%,$0.10B,$0.24B,41.21%,$0.10B,$0.93B,10.50%,$0.17B,$0.66B,23.46%,$436,$368,$68,$0,$25,$397,$39,$-3,$36,$13,$23,$23,$23,$47,$39,$60,63,$0.38,$0.36,$179,$199,$0,$520,$136,$0,$234,$22,$412,$932,$245,$187,$26,$214,$459,$1,$39,$-2,$473,$932,$43,$17,$5,$22,$31,$-61,$0,$5,$10,$75,$-7,$0,$0,$0,$0,$0,$1,$-6,$-9,$0,$-9,$-37,$-37,$-8,$-0,$-54,$15,$5,$-8
6,2017-03-31,20.29,$7.97,2.54,$26.80,0.76,$5.84,3.47,$1.72,11.8,$0.54B,$0.26B,2.1,$0.19B,$0.48B,0.39,$1.76B,$0.30B,17.27%,$1.76B,$0.19B,10.51%,$1.76B,$0.19B,10.51%,$1.76B,$0.22B,12.67%,$1.76B,$0.17B,9.72%,$1.76B,$0.11B,6.36%,$0.11B,$0.48B,23.19%,$0.11B,$0.24B,47.11%,$0.11B,$0.95B,11.71%,$0.19B,$0.67B,25.39%,$363,$303,$59,$0,$25,$332,$30,$-2,$29,$8,$20,$20,$20,$39,$30,$60,63,$0.34,$0.32,$211,$190,$0,$537,$133,$0,$238,$21,$413,$949,$255,$188,$25,$213,$468,$1,$20,$-2,$481,$949,$20,$9,$2,$10,$36,$-52,$0,$9,$35,$65,$1,$0,$0,$0,$0,$0,$1,$2,$-1,$0,$-1,$-11,$-11,$-4,$-0,$-16,$51,$3,$-4
7,2016-12-31,15.46,$7.86,1.97,$27.84,0.56,$5.40,2.86,$1.82,8.49,$0.48B,$0.17B,2.89,$0.24B,$0.47B,0.5,$1.85B,$0.33B,17.62%,$1.85B,$0.20B,11.00%,$1.85B,$0.20B,11.00%,$1.85B,$0.24B,13.06%,$1.85B,$0.19B,10.08%,$1.85B,$0.12B,6.50%,$0.12B,$0.47B,25.22%,$0.12B,$0.23B,53.27%,$0.12B,$0.90B,12.45%,$0.20B,$0.71B,27.28%,$462,$391,$71,$0,$26,$421,$41,$-5,$35,$12,$23,$23,$23,$50,$41,$64,66,$0.38,$0.36,$163,$140,$0,$481,$134,$0,$243,$20,$417,$899,$167,$235,$24,$260,$426,$1,$4,$-3,$472,$899,$119,$38,$22,$60,$-1,$25,$0,$-12,$-1,$179,$-20,$0,$0,$0,$0,$0,$3,$-17,$-102,$0,$-102,$-75,$-75,$0,$0,$-177,$-15,$12,$0
8,2016-09-30,13.91,$7.93,1.76,$28.65,0.49,$4.79,2.91,$1.96,7.1,$0.56B,$0.19B,2.94,$0.28B,$0.50B,0.56,$1.93B,$0.34B,17.75%,$1.93B,$0.22B,11.26%,$1.93B,$0.22B,11.26%,$1.93B,$0.26B,13.28%,$1.93B,$0.20B,10.43%,$1.93B,$0.13B,6.75%,$0.13B,$0.50B,27.79%,$0.13B,$0.25B,61.47%,$0.13B,$0.99B,13.32%,$0.22B,$0.78B,29.07%,$464,$381,$83,$0,$24,$409,$55,$-3,$52,$18,$33,$33,$33,$64,$55,$64,66,$0.52,$0.51,$190,$195,$0,$562,$139,$0,$248,$19,$430,$992,$191,$280,$24,$304,$495,$1,$-15,$-2,$497,$992,$96,$29,$10,$39,$-5,$-30,$0,$-11,$-30,$106,$-15,$0,$0,$0,$0,$0,$2,$-13,$-45,$0,$-45,$-38,$-38,$0,$1,$-82,$11,$9,$0
9,2016-06-30,12.41,$7.51,1.65,$29.43,0.42,$4.96,2.5,$1.92,6.46,$0.56B,$0.20B,2.77,$0.28B,$0.48B,0.58,$1.99B,$0.35B,17.30%,$1.99B,$0.22B,10.93%,$1.99B,$0.22B,10.93%,$1.99B,$0.26B,12.94%,$1.99B,$0.20B,10.03%,$1.99B,$0.13B,6.47%,$0.13B,$0.48B,28.65%,$0.13B,$0.23B,68.53%,$0.13B,$0.99B,13.11%,$0.22B,$0.76B,29.40%,$471,$380,$91,$0,$26,$413,$59,$-4,$55,$19,$36,$36,$36,$70,$59,$65,67,$0.55,$0.53,$188,$213,$0,$558,$138,$0,$253,$18,$429,$987,$202,$279,$23,$303,$504,$1,$-49,$-2,$482,$987,$63,$20,$9,$29,$21,$-46,$0,$-16,$-16,$76,$-8,$0,$0,$0,$0,$0,$0,$-8,$-44,$0,$-44,$-16,$-16,$0,$1,$-59,$9,$6,$0
10,2016-03-31,12.9,$6.97,1.85,$30.02,0.43,$4.68,2.75,$1.80,7.17,$0.55B,$0.22B,2.47,$0.28B,$0.45B,0.62,$2.04B,$0.33B,16.00%,$2.04B,$0.20B,9.86%,$2.04B,$0.20B,9.86%,$2.04B,$0.24B,11.78%,$2.04B,$0.19B,9.32%,$2.04B,$0.12B,5.99%,$0.12B,$0.45B,28.49%,$0.12B,$0.19B,76.01%,$0.12B,$0.98B,12.37%,$0.20B,$0.73B,27.46%,$448,$368,$80,$0,$26,$399,$48,$-4,$44,$16,$28,$28,$28,$57,$48,$65,66,$0.42,$0.42,$168,$208,$0,$548,$139,$0,$259,$15,$427,$976,$222,$279,$21,$302,$524,$1,$-84,$-2,$452,$976,$28,$9,$10,$20,$-7,$-41,$0,$-3,$-4,$43,$-3,$0,$0,$0,$0,$0,$0,$-3,$-43,$0,$-43,$-9,$-9,$0,$1,$-50,$-10,$2,$0
11,2015-12-31,11.56,$6.77,1.71,$29.38,0.39,$4.10,2.82,$1.53,7.56,$0.53B,$0.21B,2.51,$0.28B,$0.44B,0.63,$2.03B,$0.30B,14.94%,$2.03B,$0.18B,8.88%,$2.03B,$0.18B,8.88%,$2.03B,$0.22B,10.85%,$2.03B,$0.16B,8.04%,$2.03B,$0.10B,5.13%,$0.10B,$0.44B,25.29%,$0.10B,$0.18B,75.36%,$0.10B,$0.95B,10.52%,$0.18B,$0.72B,24.72%,$544,$456,$88,$0,$27,$489,$55,$-5,$50,$17,$33,$33,$33,$65,$55,$67,69,$0.50,$0.47,$179,$167,$0,$530,$140,$0,$264,$14,$420,$950,$211,$277,$21,$299,$510,$1,$-112,$-2,$440,$950,$104,$39,$5,$44,$-18,$10,$0,$3,$-17,$132,$-8,$0,$0,$0,$0,$0,$0,$-8,$-29,$0,$-29,$-60,$-60,$0,$-3,$-91,$33,$10,$0
12,2015-09-30,10.35,$6.42,1.61,$28.96,0.36,$3.33,3.1,$1.30,7.96,$0.60B,$0.25B,2.44,$0.33B,$0.43B,0.77,$2.01B,$0.28B,13.82%,$2.01B,$0.16B,7.91%,$2.01B,$0.16B,7.91%,$2.01B,$0.20B,9.90%,$2.01B,$0.14B,7.06%,$2.01B,$0.09B,4.48%,$0.09B,$0.43B,22.56%,$0.09B,$0.16B,74.84%,$0.09B,$1.02B,9.15%,$0.16B,$0.76B,21.80%,$531,$445,$86,$0,$24,$475,$56,$-5,$51,$20,$32,$32,$32,$66,$56,$67,68,$0.48,$0.47,$197,$228,$0,$602,$137,$0,$271,$14,$423,$1024,$247,$330,$20,$351,$598,$1,$-145,$-1,$427,$1024,$71,$28,$3,$31,$-4,$-50,$0,$-2,$3,$105,$1,$0,$0,$0,$0,$0,$-5,$-5,$-5,$0,$-5,$-41,$-41,$0,$-3,$-49,$51,$7,$0
13,2015-06-30,12.25,$5.92,2.07,$27.99,0.44,$1.87,6.57,$1.08,11.35,$0.57B,$0.25B,2.28,$0.33B,$0.39B,0.84,$1.97B,$0.25B,12.88%,$1.97B,$0.14B,7.00%,$1.97B,$0.14B,7.00%,$1.97B,$0.18B,9.03%,$1.97B,$0.12B,6.09%,$1.97B,$0.08B,3.85%,$0.08B,$0.39B,19.75%,$0.08B,$0.12B,75.43%,$0.08B,$1.00B,7.86%,$0.14B,$0.72B,19.29%,$515,$442,$72,$0,$25,$473,$42,$3,$45,$17,$29,$29,$29,$52,$42,$68,68,$0.42,$0.41,$140,$244,$0,$569,$134,$0,$276,$14,$426,$995,$249,$329,$20,$351,$600,$1,$-177,$-1,$394,$995,$39,$19,$4,$23,$-7,$-67,$0,$-3,$-19,$42,$8,$0,$0,$0,$0,$0,$-10,$-2,$-1,$0,$-1,$-40,$-40,$0,$-6,$-47,$-7,$5,$0
14,2015-03-31,13.78,$5.65,2.44,$27.17,0.51,$0.95,14.55,$0.90,15.31,$0.55B,$0.25B,2.22,$0.33B,$0.38B,0.86,$1.94B,$0.24B,12.56%,$1.94B,$0.13B,6.69%,$1.94B,$0.13B,6.69%,$1.94B,$0.17B,8.75%,$1.94B,$0.10B,5.25%,$1.94B,$0.06B,3.24%,$0.06B,$0.38B,16.86%,$0.06B,$0.10B,74.78%,$0.06B,$0.99B,6.61%,$0.13B,$0.72B,18.36%,$438,$380,$57,$0,$25,$410,$27,$-11,$17,$6,$10,$10,$10,$37,$27,$69,72,$0.15,$0.15,$126,$243,$0,$548,$141,$0,$281,$14,$437,$985,$246,$332,$19,$354,$601,$1,$-206,$-1,$384,$985,$10,$9,$11,$20,$-22,$-66,$0,$4,$-26,$4,$-3,$0,$0,$0,$0,$0,$0,$-3,$-193,$193,$-1,$-19,$-19,$0,$-2,$-22,$-21,$2,$0
15,2014-12-31,12.08,$5.66,2.13,$26.09,0.46,$0.28,43.1,$0.85,14.21,$0.49B,$0.19B,2.6,$0.33B,$0.39B,0.85,$1.86B,$0.23B,12.56%,$1.86B,$0.12B,6.55%,$1.86B,$0.12B,6.55%,$1.86B,$0.16B,8.70%,$1.86B,$0.10B,5.31%,$1.86B,$0.06B,3.22%,$0.06B,$0.39B,16.64%,$0.06B,$0.10B,91.60%,$0.06B,$0.93B,6.39%,$0.12B,$0.72B,17.34%,$527,$465,$63,$0,$23,$493,$34,$-5,$29,$10,$19,$19,$19,$44,$34,$69,71,$0.28,$0.27,$146,$177,$0,$486,$143,$0,$287,$13,$443,$929,$187,$331,$18,$351,$538,$1,$-216,$-1,$391,$929,$61,$39,$31,$70,$-15,$3,$0,$-0,$-39,$93,$-20,$0,$0,$0,$0,$0,$4,$-16,$-44,$0,$-44,$0,$0,$0,$0,$-44,$33,$8,$0
16,2014-09-30,13.02,$5.37,2.42,$25.30,0.51,$0.86,15.18,$0.73,17.83,$0.52B,$0.24B,2.16,$0.33B,$0.37B,0.89,$1.79B,$0.22B,12.49%,$1.79B,$0.11B,6.24%,$1.79B,$0.11B,6.24%,$1.79B,$0.15B,8.47%,$1.79B,$0.09B,4.91%,$1.79B,$0.05B,2.90%,$0.05B,$0.37B,15.15%,$0.05B,$0.08B,121.64%,$0.05B,$0.96B,5.56%,$0.11B,$0.70B,16.11%,$492,$430,$62,$0,$21,$457,$35,$-6,$29,$11,$18,$18,$18,$45,$35,$69,72,$0.26,$0.25,$80,$260,$0,$515,$137,$0,$292,$13,$442,$957,$239,$330,$18,$348,$587,$1,$-235,$-0,$370,$957,$42,$29,$25,$54,$-31,$-80,$0,$5,$-81,$15,$-9,$0,$0,$0,$0,$0,$4,$-5,$-44,$0,$-44,$0,$0,$0,$0,$-44,$-34,$6,$0
17,2014-06-30,13.92,$5.07,2.75,$24.84,0.56,$1.39,10.03,$0.71,19.61,$0.49B,$0.23B,2.18,$0.35B,$0.35B,0.99,$1.74B,$0.22B,12.80%,$1.74B,$0.11B,6.37%,$1.74B,$0.11B,6.37%,$1.74B,$0.15B,8.61%,$1.74B,$0.09B,4.94%,$1.74B,$0.05B,2.87%,$0.05B,$0.35B,15.23%,$0.05B,$0.05B,227.27%,$0.05B,$0.94B,5.36%,$0.11B,$0.70B,15.99%,$486,$424,$62,$0,$22,$452,$34,$-7,$27,$11,$16,$16,$16,$44,$34,$69,72,$0.23,$0.23,$82,$256,$0,$492,$137,$0,$298,$13,$448,$940,$225,$347,$17,$365,$590,$1,$-254,$0,$350,$940,$24,$19,$23,$43,$-11,$-76,$0,$3,$-75,$-8,$-4,$0,$0,$0,$0,$0,$4,$0,$-23,$0,$-23,$0,$0,$0,$0,$-23,$-31,$4,$0
18,2014-03-31,13.45,$4.81,2.8,$24.05,0.56,$1.56,8.59,$0.68,19.77,$0.48B,$0.23B,2.11,$0.37B,$0.33B,1.1,$1.67B,$0.22B,13.18%,$1.67B,$0.11B,6.41%,$1.67B,$0.11B,6.41%,$1.67B,$0.15B,8.75%,$1.67B,$0.08B,4.97%,$1.67B,$0.05B,2.88%,$0.05B,$0.33B,15.30%,$0.05B,$0.03B,2742.86%,$0.05B,$0.93B,5.15%,$0.11B,$0.70B,15.42%,$358,$311,$47,$0,$22,$339,$19,$-6,$14,$6,$7,$7,$7,$29,$19,$69,71,$0.11,$0.10,$66,$263,$0,$476,$140,$0,$304,$11,$456,$932,$225,$366,$8,$376,$601,$1,$-270,$0,$331,$932,$7,$10,$9,$18,$1,$-79,$0,$-1,$-70,$-44,$-2,$0,$0,$0,$0,$0,$0,$-2,$-1,$0,$-1,$0,$0,$0,$0,$-1,$-48,$2,$0
19,2013-12-31,12.07,$4.70,2.57,$23.72,0.51,$2.07,5.84,$0.66,18.29,$0.45B,$0.22B,2.08,$0.37B,$0.32B,1.14,$1.64B,$0.22B,13.15%,$1.64B,$0.10B,6.30%,$1.64B,$0.10B,6.30%,$1.64B,$0.14B,8.69%,$1.64B,$0.08B,4.83%,$1.64B,$0.05B,2.87%,$0.05B,$0.32B,15.67%,$0.05B,$0.01B,-272.46%,$0.05B,$0.91B,5.04%,$0.10B,$0.69B,14.93%,$458,$406,$53,$0,$23,$434,$24,$-7,$18,$7,$10,$10,$11,$34,$24,$68,69,$0.15,$0.16,$113,$184,$0,$449,$142,$0,$309,$11,$463,$912,$216,$366,$7,$374,$590,$1,$-277,$-0,$322,$912,$47,$38,$45,$84,$-24,$6,$0,$-2,$-2,$129,$-18,$0,$-16,$0,$0,$0,$3,$-32,$-65,$0,$-65,$1,$1,$0,$-1,$-65,$32,$7,$0
20,2013-09-30,11.39,$4.52,2.52,$23.15,0.49,$1.36,8.36,$1.67,6.82,$0.48B,$0.23B,2.06,$0.39B,$0.31B,1.24,$1.59B,$0.22B,13.56%,$1.59B,$0.11B,6.78%,$1.59B,$0.11B,6.78%,$1.59B,$0.15B,9.10%,$1.59B,$0.08B,5.15%,$1.59B,$0.12B,7.22%,$0.12B,$0.31B,40.10%,$0.12B,$-0.01B,-348.48%,$0.12B,$0.95B,12.36%,$0.11B,$0.70B,15.65%,$440,$378,$61,$0,$22,$406,$34,$-7,$27,$11,$16,$16,$16,$43,$34,$68,69,$0.24,$0.23,$66,$240,$0,$477,$140,$0,$315,$10,$469,$946,$232,$385,$17,$404,$636,$1,$-288,$0,$310,$946,$36,$29,$34,$63,$-33,$-49,$0,$4,$-45,$54,$-12,$0,$-16,$0,$0,$0,$3,$-25,$-44,$0,$-44,$0,$0,$0,$-1,$-44,$-16,$6,$0
21,2013-06-30,9.95,$4.26,2.34,$22.70,0.44,$1.02,9.73,$1.71,5.82,$0.46B,$0.23B,2.04,$0.40B,$0.29B,1.39,$1.56B,$0.21B,13.15%,$1.56B,$0.10B,6.48%,$1.56B,$0.10B,6.48%,$1.56B,$0.14B,8.72%,$1.56B,$0.08B,4.81%,$1.56B,$0.12B,7.50%,$0.12B,$0.29B,45.30%,$0.12B,$-0.03B,-182.10%,$0.12B,$0.94B,12.93%,$0.10B,$0.70B,15.08%,$413,$354,$59,$0,$23,$383,$30,$-7,$24,$9,$14,$14,$14,$40,$30,$68,69,$0.20,$0.20,$45,$244,$0,$461,$138,$0,$320,$10,$478,$939,$226,$404,$17,$422,$648,$1,$-304,$-0,$292,$939,$20,$19,$20,$39,$-28,$-53,$0,$2,$-52,$7,$-7,$0,$-16,$0,$0,$0,$3,$-20,$-22,$0,$-22,$0,$0,$0,$-1,$-23,$-36,$4,$0
22,2013-03-31,9.93,$4.03,2.46,$21.99,0.45,$0.80,12.38,$1.56,6.36,$0.44B,$0.24B,1.87,$0.40B,$0.28B,1.47,$1.51B,$0.19B,12.33%,$1.51B,$0.08B,5.31%,$1.51B,$0.08B,5.31%,$1.51B,$0.11B,7.43%,$1.51B,$0.05B,3.58%,$1.51B,$0.11B,6.96%,$0.11B,$0.28B,45.80%,$0.11B,$-0.05B,-110.24%,$0.11B,$0.94B,11.85%,$0.08B,$0.68B,12.30%,$324,$282,$42,$0,$21,$309,$15,$-5,$10,$4,$6,$6,$6,$25,$15,$68,69,$0.08,$0.08,$59,$237,$0,$444,$138,$0,$324,$11,$492,$935,$238,$404,$16,$422,$660,$1,$-318,$-0,$276,$935,$6,$10,$7,$17,$-5,$-47,$0,$2,$-30,$-8,$-3,$0,$-14,$0,$0,$0,$2,$-14,$-1,$0,$-1,$0,$0,$0,$-0,$-1,$-23,$2,$0
23,2012-12-31,8.77,$3.93,2.23,$21.32,0.41,$0.59,14.96,$1.55,5.65,$0.42B,$0.20B,2.13,$0.42B,$0.27B,1.57,$1.46B,$0.16B,11.22%,$1.46B,$0.07B,4.79%,$1.46B,$0.07B,4.79%,$1.46B,$0.10B,6.57%,$1.46B,$0.05B,3.35%,$1.46B,$0.10B,7.11%,$0.10B,$0.27B,52.46%,$0.10B,$-0.05B,-208.00%,$0.10B,$0.90B,13.78%,$0.07B,$0.69B,13.00%,$416,$362,$54,$0,$21,$387,$29,$-8,$21,$-59,$80,$80,$79,$37,$29,$68,69,$1.16,$1.16,$81,$189,$0,$418,$132,$0,$318,$12,$485,$903,$197,$421,$16,$437,$634,$1,$-324,$0,$269,$903,$106,$26,$-49,$-23,$1,$42,$0,$-2,$-6,$76,$-14,$0,$-364,$0,$0,$0,$-3,$-381,$437,$-65,$372,$-0,$-0,$0,$-5,$366,$61,$5,$0
24,2012-09-30,6.97,$2.86,2.43,$20.28,0.34,$-0.44,0.0,$0.50,13.93,$0.38B,$0.22B,1.68,$0.42B,$0.20B,2.14,$1.39B,$0.13B,9.44%,$1.39B,$0.05B,3.53%,$1.39B,$0.05B,3.53%,$1.39B,$0.07B,5.12%,$1.39B,$0.04B,2.52%,$1.39B,$0.03B,2.31%,$0.03B,$0.20B,19.10%,$0.03B,$-0.13B,-556.52%,$0.03B,$0.84B,5.11%,$0.05B,$0.61B,11.67%,$406,$356,$50,$0,$20,$379,$27,$-8,$20,$1,$18,$18,$18,$34,$27,$68,69,$0.27,$0.27,$39,$232,$0,$376,$129,$0,$325,$12,$467,$843,$224,$418,$4,$423,$647,$1,$-404,$0,$196,$843,$25,$18,$7,$25,$-1,$-1,$0,$-1,$-23,$28,$-9,$0,$-364,$0,$0,$0,$0,$-373,$290,$81,$370,$-0,$-0,$0,$-5,$365,$19,$4,$0
25,2012-06-30,6.47,$2.57,2.51,$19.27,0.34,$-1.08,0.0,$0.25,25.88,$0.39B,$0.24B,1.64,$0.44B,$0.18B,2.52,$1.32B,$0.09B,7.13%,$1.32B,$0.02B,1.82%,$1.32B,$0.02B,1.82%,$1.32B,$0.04B,3.26%,$1.32B,$0.02B,1.21%,$1.32B,$0.02B,1.14%,$0.02B,$0.18B,9.80%,$0.02B,$-0.15B,26.67%,$0.02B,$0.86B,2.89%,$0.02B,$0.62B,7.30%,$362,$323,$40,$0,$15,$354,$9,$-5,$3,$1,$2,$2,$2,$16,$9,$68,69,$0.03,$0.03,$32,$250,$0,$393,$127,$0,$329,$13,$469,$862,$239,$442,$4,$447,$686,$1,$-422,$0,$176,$862,$7,$11,$4,$14,$-5,$-20,$0,$-3,$-33,$-11,$-4,$0,$-364,$0,$0,$0,$0,$-368,$291,$105,$396,$-0,$-0,$0,$-5,$391,$12,$2,$0
26,2012-03-31,10.11,$2.22,4.55,$18.17,0.56,$-1.12,0.0,$0.25,40.45,$0.29B,$0.17B,1.66,$0.08B,$0.15B,0.53,$1.24B,$0.07B,5.63%,$1.24B,$0.02B,1.61%,$1.24B,$0.02B,1.61%,$1.24B,$0.04B,2.90%,$1.24B,$0.02B,1.29%,$1.24B,$0.02B,1.29%,$0.02B,$0.15B,11.19%,$0.02B,$0.13B,12.98%,$0.02B,$0.41B,3.94%,$0.02B,$0.23B,8.89%,$278,$258,$20,$0,$12,$272,$5,$-1,$5,$-0,$5,$5,$5,$9,$5,$68,69,$0.07,$0.07,$6,$215,$0,$287,$95,$0,$19,$8,$123,$410,$173,$81,$4,$85,$258,$1,$-424,$0,$152,$410,$5,$4,$1,$5,$-11,$-26,$0,$-3,$-34,$-24,$-1,$0,$0,$0,$0,$0,$0,$-1,$-1,$13,$12,$-0,$-0,$0,$0,$11,$-14,$1,$0
27,2011-12-31,7.66,$2.15,3.57,$17.37,0.44,$-0.80,0.0,$0.23,33.31,$0.26B,$0.17B,1.57,$0.07B,$0.15B,0.47,$1.19B,$0.07B,5.64%,$1.19B,$0.02B,1.60%,$1.19B,$0.02B,1.60%,$1.19B,$0.04B,2.95%,$1.19B,$0.01B,1.18%,$1.19B,$0.01B,1.18%,$0.01B,$0.15B,10.14%,$0.01B,$0.13B,11.91%,$0.01B,$0.39B,3.60%,$0.02B,$0.22B,8.96%,$342,$321,$21,$0,$10,$333,$8,$-1,$7,$0,$7,$7,$7,$12,$8,$68,68,$0.10,$0.10,$20,$190,$0,$264,$97,$0,$20,$8,$124,$388,$169,$68,$5,$73,$242,$1,$-429,$0,$146,$388,$15,$16,$4,$20,$-14,$-79,$0,$0,$-36,$-1,$-7,$0,$0,$0,$0,$0,$0,$-7,$-1,$10,$9,$-0,$-0,$0,$-2,$7,$-1,$3,$0
28,2011-09-30,4.66,$2.03,2.3,$17.20,0.27,$-1.28,0.0,$0.19,24.53,$0.30B,$0.17B,1.78,$0.11B,$0.14B,0.8,$1.09B,$0.06B,5.80%,$1.09B,$0.02B,1.56%,$1.09B,$0.02B,1.56%,$1.09B,$0.03B,3.04%,$1.09B,$0.01B,1.10%,$1.09B,$0.01B,1.10%,$0.01B,$0.14B,8.97%,$0.01B,$0.12B,10.69%,$0.01B,$0.42B,3.26%,$0.02B,$0.25B,8.28%,$336,$323,$13,$0,$10,$334,$2,$-1,$1,$0,$1,$1,$1,$6,$2,$68,68,$0.02,$0.02,$48,$200,$0,$295,$95,$0,$21,$8,$124,$419,$165,$111,$4,$115,$280,$1,$-437,$0,$138,$419,$8,$12,$3,$14,$-8,$-89,$0,$2,$-44,$-22,$-3,$0,$0,$0,$0,$0,$0,$-3,$-0,$55,$55,$-0,$-0,$0,$-2,$53,$27,$2,$0
29,2011-06-30,9.16,$2.00,4.57,$15.14,0.6,$-1.48,0.0,$0.14,65.4,$0.28B,$0.20B,1.42,$0.07B,$0.14B,0.49,$0.92B,$0.06B,6.07%,$0.92B,$0.01B,1.19%,$0.92B,$0.01B,1.19%,$0.92B,$0.03B,2.93%,$0.92B,$0.01B,0.98%,$0.92B,$0.01B,0.98%,$0.01B,$0.14B,6.91%,$0.01B,$0.12B,8.35%,$0.01B,$0.41B,2.66%,$0.01B,$0.20B,5.86%,$287,$271,$16,$0,$11,$282,$5,$-2,$3,$0,$3,$3,$3,$9,$5,$68,68,$0.05,$0.05,$13,$195,$0,$281,$95,$0,$21,$9,$125,$407,$199,$67,$5,$72,$270,$1,$-438,$0,$136,$407,$6,$8,$2,$10,$-32,$-85,$0,$-0,$-32,$-16,$-1,$0,$0,$0,$0,$0,$0,$-1,$-0,$11,$11,$-0,$-0,$0,$-1,$10,$-8,$2,$0
30,2011-03-31,11.32,$1.95,5.81,$14.63,0.77,$-1.67,0.0,$-0.63,0.0,$0.22B,$0.16B,1.37,$0.05B,$0.13B,0.36,$0.79B,$0.05B,5.73%,$0.79B,0,0.00%,$0.79B,0,0.00%,$0.79B,$0.02B,2.17%,$0.79B,0,0.00%,$0.79B,$-0.02B,-2.93%,$-0.02B,$0.13B,-20.58%,$-0.02B,$0.11B,-25.99%,$-0.02B,$0.34B,-7.52%,$0.00B,$0.18B,0.00%,$222,$205,$17,$0,$12,$218,$4,$-1,$3,$0,$3,$3,$3,$8,$4,$68,69,$0.05,$0.05,$10,$146,$0,$215,$97,$0,$22,$8,$127,$343,$157,$48,$5,$53,$210,$1,$-441,$0,$132,$343,$3,$4,$1,$5,$-17,$-35,$0,$-2,$-11,$-3,$-0,$0,$0,$0,$0,$0,$0,$-0,$-0,$-8,$-8,$-0,$-0,$0,$0,$-8,$-11,$1,$0
31,2010-12-31,11.58,$1.90,6.1,$13.96,0.83,$-2.07,0.0,$-5.32,0.0,$0.17B,$0.11B,1.56,$0.06B,$0.13B,0.46,$0.64B,$0.03B,4.21%,$0.64B,$-0.02B,-2.34%,$0.64B,$-0.02B,-2.34%,$0.64B,$0.00B,0.31%,$0.64B,$-0.14B,-22.15%,$0.64B,$-0.17B,-26.05%,$-0.17B,$0.13B,-292.98%,$-0.17B,$0.11B,-506.06%,$-0.17B,$0.30B,-59.17%,$-0.02B,$0.19B,-14.25%,$242,$224,$17,$0,$9,$236,$6,$-1,$5,$-0,$5,$5,$5,$10,$6,$50,50,$2.03,$2.03,$21,$111,$0,$172,$99,$0,$23,$9,$131,$303,$111,$59,$4,$63,$174,$1,$-444,$0,$129,$303,$-142,$17,$126,$142,$-21,$-59,$0,$4,$-31,$-30,$0,$0,$0,$0,$0,$0,$0,$0,$-0,$27,$26,$72,$24,$0,$-0,$50,$20,$3,$0
32,2010-09-30,7.91,$1.82,4.34,$11.94,0.66,$-1.71,0.0,$-5.11,0.0,$0.17B,$0.12B,1.41,$0.06B,$0.12B,0.45,$0.48B,$0.01B,1.65%,$0.48B,$-0.03B,-6.82%,$0.48B,$-0.03B,-6.82%,$0.48B,$-0.02B,-3.10%,$0.48B,$-0.14B,-28.72%,$0.48B,$-0.16B,-33.68%,$-0.16B,$0.12B,-428.95%,$-0.16B,$0.10B,-1207.41%,$-0.16B,$0.30B,-62.10%,$-0.03B,$0.18B,-41.38%,$171,$164,$6,$0,$11,$175,$-4,$2,$-2,$0,$-2,$-2,$-2,$-0,$-4,$60,60,$-0.03,$-0.03,$13,$129,$0,$168,$101,$0,$24,$9,$134,$302,$119,$56,$4,$59,$178,$1,$-449,$0,$124,$302,$-147,$13,$124,$137,$-5,$-78,$0,$4,$-25,$-35,$1,$0,$0,$0,$0,$0,$0,$1,$-0,$23,$23,$72,$24,$0,$-0,$47,$12,$2,$0
33,2010-06-30,6.95,$1.06,6.57,$11.99,0.58,$-1.41,0.0,$-7.31,0.0,$0.14B,$0.18B,0.77,$0.03B,$0.06B,0.52,$0.40B,$0.00B,0.50%,$0.40B,$-0.04B,-9.73%,$0.40B,$-0.04B,-9.73%,$0.40B,$-0.02B,-4.99%,$0.40B,$-0.20B,-50.62%,$0.40B,$-0.23B,-57.11%,$-0.23B,$0.06B,-995.65%,$-0.23B,$0.04B,10177.78%,$-0.23B,$0.28B,-92.71%,$-0.04B,$0.09B,-65.55%,$150,$144,$5,$0,$11,$155,$-6,$0,$-6,$0,$-6,$-6,$-29,$-1,$-6,$41,41,$-0.72,$-0.72,$7,$88,$0,$137,$103,$0,$24,$10,$138,$275,$177,$32,$4,$35,$213,$1,$-447,$0,$62,$275,$-145,$9,$127,$135,$-21,$-36,$0,$4,$-8,$-18,$-0,$0,$0,$0,$0,$0,$0,$-0,$-0,$-1,$-1,$73,$25,$0,$-0,$24,$6,$2,$0
34,2010-03-31,6.85,$-2.85,-2.4,$11.16,0.61,$-1.12,0.0,$-7.18,0.0,$0.11B,$0.26B,0.41,$0.05B,$-0.09B,-0.54,$0.34B,$-0.01B,-2.37%,$0.34B,$-0.05B,-14.84%,$0.34B,$-0.05B,-14.84%,$0.34B,$-0.03B,-9.20%,$0.34B,$-0.22B,-63.80%,$0.34B,$-0.22B,-64.69%,$-0.22B,$-0.09B,-622.86%,$-0.22B,$-0.11B,-2491.43%,$-0.22B,$0.25B,-90.27%,$-0.05B,$-0.04B,-62.31%,$78,$79,$-1,$0,$10,$90,$-11,$-128,$-139,$0,$-139,$-139,$-141,$-7,$-11,$30,30,$-4.64,$-4.64,$1,$74,$0,$107,$106,$0,$25,$11,$142,$249,$262,$47,$3,$74,$336,$0,$-418,$0,$-87,$249,$-139,$4,$128,$132,$-7,$-22,$0,$-1,$-7,$-14,$0,$0,$0,$0,$0,$0,$0,$0,$-0,$14,$14,$0,$0,$0,$-0,$14,$0,$1,$0
35,2009-12-31,1.85,$1.76,1.05,$11.18,0.17,$-0.60,0.0,$-3.48,0.0,$0.08B,$0.11B,0.69,$0.03B,$0.05B,0.62,$0.34B,$-0.02B,-6.53%,$0.34B,$-0.07B,-19.58%,$0.34B,$-0.07B,-19.58%,$0.34B,$-0.05B,-13.95%,$0.34B,$-0.10B,-30.86%,$0.34B,$-0.11B,-31.16%,$-0.11B,$0.05B,-118.98%,$-0.11B,$0.03B,-171.43%,$-0.11B,$0.22B,-42.47%,$-0.07B,$0.09B,-53.66%,$85,$87,$-2,$0,$10,$97,$-12,$20,$8,$-3,$11,$11,$9,$-7,$-12,$30,30,$0.28,$0.28,$1,$52,$0,$77,$109,$0,$26,$12,$147,$224,$112,$33,$3,$58,$170,$0,$-277,$0,$53,$224,$-102,$20,$37,$57,$21,$41,$0,$-1,$38,$-7,$-1,$0,$0,$0,$0,$0,$0,$-1,$-0,$-52,$-52,$-0,$35,$0,$-4,$-21,$-29,$3,$0
36,2009-09-30,2.66,$2.10,1.26,$16.06,0.17,$0.26,10.08,$-7.45,0.0,$0.09B,$0.14B,0.64,$0.04B,$0.04B,0.78,$0.48B,$-0.03B,-5.18%,$0.48B,$-0.14B,-29.19%,$0.48B,$-0.14B,-29.19%,$0.48B,$-0.06B,-11.39%,$0.48B,$-0.20B,-41.61%,$0.48B,$-0.23B,-46.79%,$-0.23B,$0.06B,-199.56%,$-0.23B,$0.04B,-265.10%,$-0.23B,$0.24B,-82.41%,$-0.14B,$0.10B,-100.00%,$88,$89,$-0,$0,$10,$99,$-10,$-56,$-66,$-0,$-66,$-66,$-68,$-5,$-10,$30,30,$-2.23,$-2.23,$3,$60,$0,$88,$112,$0,$27,$13,$152,$240,$138,$35,$4,$39,$177,$0,$-286,$0,$64,$240,$-113,$14,$57,$71,$15,$33,$0,$2,$34,$-8,$-1,$0,$0,$0,$0,$0,$0,$-1,$-0,$-50,$-50,$0,$35,$0,$-4,$-19,$-27,$3,$0
37,2009-06-30,0.68,$3.63,0.19,$21.25,0.03,$0.54,1.26,$-5.36,0.0,$0.10B,$0.07B,1.32,$0.07B,$0.11B,0.61,$0.64B,$-0.02B,-2.51%,$0.64B,$-0.14B,-21.16%,$0.64B,$-0.14B,-21.16%,$0.64B,$-0.05B,-7.68%,$0.64B,$-0.14B,-22.10%,$0.64B,$-0.16B,-25.39%,$-0.16B,$0.11B,-99.08%,$-0.16B,$0.08B,-137.00%,$-0.16B,$0.25B,-48.36%,$-0.14B,$0.18B,-66.26%,$86,$91,$-5,$0,$11,$103,$-17,$-1,$-18,$-0,$-18,$-18,$-18,$-12,$-17,$30,30,$-0.59,$-0.59,$7,$68,$0,$96,$116,$0,$28,$14,$157,$253,$73,$67,$4,$70,$143,$0,$-218,$-1,$110,$253,$-46,$10,$2,$12,$20,$25,$0,$2,$31,$-4,$-1,$0,$0,$0,$0,$0,$0,$-1,$-0,$-18,$-18,$0,$0,$0,$-1,$-18,$-23,$2,$0
38,2009-03-31,1.2,$4.20,0.29,$25.13,0.05,$1.13,1.07,$-4.88,0.0,$0.11B,$0.14B,0.8,$0.01B,$0.13B,0.04,$0.75B,$-0.00B,0.00%,$0.75B,$-0.12B,-16.07%,$0.75B,$-0.12B,-16.07%,$0.75B,$-0.04B,-4.65%,$0.75B,$-0.13B,-16.87%,$0.75B,$-0.15B,-19.52%,$-0.15B,$0.13B,-72.24%,$-0.15B,$0.10B,-104.26%,$-0.15B,$0.27B,-37.84%,$-0.12B,$0.13B,-48.99%,$78,$93,$-15,$0,$12,$105,$-27,$-1,$-28,$0,$-28,$-28,$-28,$-23,$-27,$30,30,$-0.94,$-0.94,$5,$85,$0,$111,$119,$0,$28,$14,$161,$272,$138,$5,$3,$8,$146,$0,$-200,$-1,$126,$272,$-28,$5,$1,$6,$21,$8,$0,$1,$25,$3,$-1,$0,$0,$0,$0,$0,$0,$-1,$-0,$-27,$-27,$0,$0,$0,$0,$-27,$-25,$1,$0
39,2008-12-31,4.4,$5.11,0.86,$27.93,0.16,$0.79,5.59,$-4.15,0.0,$0.17B,$0.17B,0.98,$0.01B,$0.15B,0.03,$0.84B,$0.02B,2.51%,$0.84B,$-0.10B,-12.32%,$0.84B,$-0.10B,-12.32%,$0.84B,$-0.02B,-1.91%,$0.84B,$-0.11B,-13.04%,$0.84B,$-0.13B,-14.95%,$-0.13B,$0.15B,-52.03%,$-0.13B,$0.12B,-78.00%,$-0.13B,$0.33B,-28.64%,$-0.10B,$0.16B,-34.11%,$231,$235,$-5,$0,$16,$318,$-87,$-2,$-89,$23,$-112,$-112,$-112,$-15,$-87,$30,30,$-3.74,$-3.74,$30,$93,$0,$166,$122,$0,$29,$15,$166,$332,$169,$5,$5,$10,$179,$0,$-172,$-2,$153,$332,$-126,$88,$23,$111,$31,$20,$0,$1,$46,$31,$-12,$0,$0,$0,$0,$0,$0,$-12,$-104,$80,$-24,$0,$0,$-6,$0,$-30,$-11,$5,$-6
40,2008-09-30,9.23,$8.84,1.04,$28.80,0.32,$1.98,4.67,$-0.28,0.0,$0.24B,$0.13B,1.85,$0.08B,$0.27B,0.32,$0.86B,$0.05B,5.21%,$0.86B,$-0.01B,-1.39%,$0.86B,$-0.01B,-1.39%,$0.86B,$0.01B,0.93%,$0.86B,$-0.01B,-1.51%,$0.86B,$-0.01B,-0.81%,$-0.01B,$0.27B,-2.57%,$-0.01B,$0.17B,-4.01%,$-0.01B,$0.48B,-1.48%,$-0.01B,$0.35B,-3.35%,$243,$234,$9,$0,$13,$247,$-4,$-1,$-6,$-1,$-4,$-4,$-4,$1,$-4,$30,30,$-0.15,$-0.15,$12,$133,$0,$240,$122,$0,$96,$17,$243,$483,$130,$84,$4,$88,$218,$0,$-60,$-0,$265,$483,$-14,$16,$-2,$13,$-7,$-20,$0,$2,$9,$8,$-8,$0,$0,$0,$0,$0,$0,$-8,$-104,$79,$-25,$0,$0,$-4,$0,$-29,$-29,$3,$-4
41,2008-06-30,7.35,$8.99,0.82,$28.61,0.26,$2.29,3.21,$-0.02,0.0,$0.23B,$0.11B,2.02,$0.08B,$0.27B,0.3,$0.91B,$0.06B,6.70%,$0.91B,$0.00B,0.00%,$0.91B,$0.00B,0.00%,$0.91B,$0.02B,2.09%,$0.91B,$-0.00B,-0.11%,$0.91B,$0.00B,0.11%,$0.00B,$0.27B,0.36%,$0.00B,$0.17B,0.57%,$0.00B,$0.47B,0.20%,$0.00B,$0.35B,0.00%,$201,$191,$11,$0,$14,$204,$-3,$-1,$-4,$-1,$-3,$-3,$-3,$2,$-3,$30,30,$-0.11,$-0.11,$28,$133,$0,$227,$118,$0,$97,$17,$240,$467,$112,$80,$4,$84,$197,$0,$-54,$0,$270,$467,$-10,$10,$-2,$8,$20,$-20,$0,$1,$18,$17,$-4,$0,$0,$0,$0,$0,$0,$-4,$-78,$54,$-24,$0,$0,$-3,$0,$-26,$-13,$2,$-3
42,2008-03-31,8.69,$9.13,0.95,$29.80,0.29,$1.98,4.38,$0.27,32.17,$0.22B,$0.11B,2.05,$0.08B,$0.27B,0.29,$1.01B,$0.08B,7.76%,$1.01B,$0.01B,1.39%,$1.01B,$0.01B,1.39%,$1.01B,$0.03B,3.28%,$1.01B,$0.01B,1.29%,$1.01B,$0.01B,1.00%,$0.01B,$0.27B,3.61%,$0.01B,$0.18B,5.63%,$0.01B,$0.46B,1.95%,$0.01B,$0.35B,3.64%,$161,$155,$6,$0,$15,$170,$-9,$-1,$-10,$-4,$-6,$-6,$-6,$-4,$-9,$30,30,$-0.21,$-0.21,$6,$133,$0,$223,$120,$0,$98,$17,$241,$464,$109,$79,$4,$83,$192,$0,$-50,$0,$273,$464,$-6,$5,$-3,$2,$3,$-20,$0,$1,$-2,$-6,$-2,$0,$0,$0,$0,$0,$0,$-2,$-58,$33,$-26,$0,$0,$-1,$0,$-27,$-35,$1,$-1
43,2007-12-31,7.39,$9.38,0.79,$32.89,0.22,$1.91,3.86,$0.51,14.48,$0.24B,$0.10B,2.54,$0.11B,$0.28B,0.37,$1.10B,$0.09B,8.34%,$1.10B,$0.03B,2.36%,$1.10B,$0.03B,2.36%,$1.10B,$0.05B,4.08%,$1.10B,$0.03B,2.27%,$1.10B,$0.02B,1.54%,$0.02B,$0.28B,6.12%,$0.02B,$0.18B,9.59%,$0.02B,$0.48B,3.14%,$0.03B,$0.38B,6.53%,$258,$239,$19,$0,$15,$254,$4,$3,$7,$1,$6,$6,$6,$9,$4,$30,30,$0.18,$0.19,$41,$113,$0,$242,$122,$0,$99,$18,$242,$484,$95,$105,$4,$109,$204,$0,$-42,$0,$280,$484,$16,$19,$9,$28,$42,$20,$0,$3,$16,$61,$-7,$0,$-5,$0,$0,$0,$0,$-11,$-20,$0,$-20,$-12,$-12,$-6,$-1,$-38,$11,$4,$-6
44,2007-09-30,10.78,$9.31,1.16,$35.63,0.3,$1.58,6.81,$0.17,63.39,$0.30B,$0.13B,2.25,$0.13B,$0.28B,0.45,$1.20B,$0.10B,8.42%,$1.20B,$0.02B,1.33%,$1.20B,$0.02B,1.33%,$1.20B,$0.05B,4.25%,$1.20B,$0.01B,0.92%,$1.20B,$0.01B,0.50%,$0.01B,$0.28B,2.16%,$0.01B,$0.18B,3.41%,$0.01B,$0.54B,1.07%,$0.02B,$0.40B,3.97%,$291,$266,$25,$0,$17,$284,$8,$-1,$6,$2,$4,$4,$4,$12,$8,$30,37,$0.13,$0.12,$22,$154,$0,$301,$124,$0,$100,$19,$243,$544,$134,$125,$4,$132,$266,$0,$-46,$3,$278,$544,$11,$14,$10,$24,$10,$-21,$0,$3,$-18,$17,$-5,$0,$-5,$0,$0,$0,$0,$-10,$0,$0,$0,$-12,$-12,$-4,$0,$-16,$-8,$3,$-4
45,2007-06-30,13.91,$9.23,1.51,$39.35,0.35,$0.79,17.69,$0.20,69.53,$0.31B,$0.16B,2.01,$0.13B,$0.28B,0.45,$1.27B,$0.10B,8.03%,$1.27B,$0.02B,1.42%,$1.27B,$0.02B,1.42%,$1.27B,$0.05B,4.25%,$1.27B,$0.01B,1.02%,$1.27B,$0.01B,0.55%,$0.01B,$0.28B,2.49%,$0.01B,$0.18B,3.98%,$0.01B,$0.56B,1.19%,$0.02B,$0.40B,4.42%,$295,$267,$28,$0,$16,$283,$11,$-2,$10,$4,$6,$6,$6,$16,$11,$30,37,$0.19,$0.18,$19,$180,$0,$314,$127,$0,$101,$19,$247,$562,$156,$125,$3,$128,$285,$0,$-49,$3,$277,$562,$7,$10,$6,$16,$18,$-46,$0,$2,$-14,$9,$-4,$0,$-5,$0,$0,$0,$0,$-8,$0,$0,$0,$-8,$-8,$-3,$0,$-11,$-11,$2,$-3
46,2007-03-31,14.61,$9.10,1.61,$40.21,0.36,$0.80,18.17,$0.17,85.93,$0.33B,$0.17B,1.94,$0.13B,$0.28B,0.47,$1.31B,$0.10B,7.72%,$1.31B,$0.02B,1.30%,$1.31B,$0.02B,1.30%,$1.31B,$0.05B,4.13%,$1.31B,$0.01B,0.84%,$1.31B,$0.01B,0.46%,$0.01B,$0.28B,2.11%,$0.01B,$0.17B,3.42%,$0.01B,$0.58B,0.99%,$0.02B,$0.40B,4.11%,$259,$239,$20,$0,$17,$256,$3,$-1,$2,$1,$1,$1,$1,$8,$3,$30,31,$0.03,$0.03,$17,$171,$0,$328,$128,$0,$102,$19,$250,$578,$169,$129,$3,$134,$302,$0,$-53,$3,$276,$578,$1,$5,$2,$6,$1,$-37,$0,$-0,$-16,$-9,$-2,$0,$0,$0,$0,$0,$0,$-2,$0,$4,$4,$-5,$-5,$-1,$0,$-2,$-12,$1,$-1
47,2006-12-31,14.26,$9.12,1.56,$38.64,0.37,$2.33,6.11,$0.27,52.81,$0.30B,$0.15B,2.04,$0.13B,$0.28B,0.45,$1.31B,$0.10B,7.93%,$1.31B,$0.02B,1.75%,$1.31B,$0.02B,1.75%,$1.31B,$0.06B,4.50%,$1.31B,$0.02B,1.22%,$1.31B,$0.01B,0.69%,$0.01B,$0.28B,3.15%,$0.01B,$0.18B,5.19%,$0.01B,$0.56B,1.48%,$0.02B,$0.40B,5.54%,$354,$326,$28,$0,$19,$360,$-6,$-1,$-7,$-2,$-5,$-5,$-5,$15,$-6,$31,31,$-0.16,$-0.13,$30,$133,$0,$304,$129,$0,$103,$20,$252,$556,$149,$125,$3,$129,$279,$0,$-53,$3,$278,$556,$9,$36,$11,$47,$26,$-20,$0,$6,$-4,$52,$-6,$0,$-69,$0,$0,$0,$0,$-75,$-1,$0,$-1,$-8,$-8,$-6,$0,$-14,$-38,$4,$-6
