,Date,Stock Price,Book Value per Share,Price to Book Ratio,TTM Sales per Share,Price to Sales Ratio,TTM FCF per Share,Price to FCF Ratio,TTM Net EPS,PE Ratio,Current Assets,Current Liabilities,Current Ratio,Long Term Debt,Shareholder's Equity_x,Debt to Equity Ratio,TTM Revenue_x,TTM Gross Profit,Gross Margin,TTM Revenue_y,TTM Operating Income,Operating Margin,TTM Revenue_x,TTM EBIT,EBIT Margin,TTM Revenue_y,TTM EBITDA,EBITDA Margin,TTM Revenue_x,TTM Pre-Tax Income,Pre-Tax Margin,TTM Revenue_y,TTM Net Income_x,Net Margin,TTM Net Income_y,Shareholder's Equity_y,Return on Equity,TTM Net Income_x,Tangible Equity,Return on Tangible Equity,TTM Net Income_y,Total Assets,Return on Assets,TTM Net Income,LT Investments & Debt,Return on Investment,revenue,cost-goods-sold,gross-profit,research-development-expenses,selling-general-administrative-expenses,operating-expenses,operating-income,total-non-operating-income-expense,pre-tax-income,total-provision-income-taxes,income-after-taxes,income-from-continuous-operations,net-income,ebitda,ebit,basic-shares-outstanding,shares-outstanding,eps-basic-net-earnings-per-share,eps-earnings-per-share-diluted,cash-on-hand,inventory,other-current-assets,total-current-assets,net-property-plant-equipment,long-term-investments,goodwill-intangible-assets-total,other-long-term-assets,total-long-term-assets,total-assets,total-current-liabilities,long-term-debt,other-non-current-liabilities,total-long-term-liabilities,total-liabilities,common-stock-net,retained-earnings-accumulated-deficit,comprehensive-income,total-share-holder-equity,total-liabilities-share-holders-equity,net-income-loss,total-depreciation-amortization-cash-flow,other-non-cash-items,total-non-cash-items,change-in-accounts-receivable,change-in-inventories,change-in-accounts-payable,change-in-assets-liabilities,total-change-in-assets-liabilities,cash-flow-from-operating-activities,net-change-in-property-plant-equipment,net-change-in-intangible-assets,net-acquisitions-divestitures,net-change-in-short-term-investments,net-change-in-long-term-investments,net-change-in-investments-total,investing-activities-other,cash-flow-from-investing-activities,net-long-term-debt,net-current-debt,debt-issuance-retirement-net-total,net-common-equity-issued-repurchased,net-total-equity-issued-repurchased,total-common-preferred-stock-dividends-paid,financial-activities-other,cash-flow-from-financial-activities,net-cash-flow,stock-based-compensation,common-stock-dividends-paid
0,2018-09-30,10.8,$8.19,1.32,$2.96,3.65,$1.83,5.91,$0.29,37.24,$1.75B,$1.66B,1.05,$0.22B,$0.24B,0.93,$0.09B,$0.07B,80.23%,$0.09B,$0.02B,25.58%,$0.09B,0,0.00%,$0.09B,0,0.00%,$0.09B,$0.02B,25.58%,$0.09B,$0.01B,15.12%,$0.01B,$0.24B,5.34%,$0.01B,$0.23B,5.73%,$0.01B,$2.15B,0.62%,$0.02B,$0.47B,4.92%,$22,$5,$17,$0,$12,$17,$5,$0,$5,$1,$4,$4,$4,$0,$0,$29,29,$0.14,$0.14,$62,$0,$0,$1748,$24,$275,$16,$76,$402,$2151,$1664,$224,$21,$245,$1909,$0,$71,$-17,$241,$2151,$13,$4,$1,$5,$0,$0,$0,$2,$2,$20,$-3,$0,$0,$0,$19,$19,$-59,$-43,$60,$-90,$-30,$-12,$-12,$-4,$103,$57,$35,$1,$-4
1,2018-06-30,10.96,$8.14,1.35,$2.89,3.79,$1.61,6.83,$0.42,26.09,$1.69B,$1.62B,1.04,$0.22B,$0.24B,0.89,$0.09B,$0.07B,81.18%,$0.09B,$0.02B,27.06%,$0.09B,0,0.00%,$0.09B,0,0.00%,$0.09B,$0.02B,27.06%,$0.09B,$0.01B,15.29%,$0.01B,$0.24B,5.28%,$0.01B,$0.23B,5.66%,$0.01B,$2.10B,0.62%,$0.02B,$0.46B,5.47%,$23,$5,$19,$0,$12,$17,$7,$0,$7,$1,$5,$5,$5,$0,$0,$29,29,$0.18,$0.18,$23,$0,$0,$1685,$24,$282,$16,$78,$410,$2096,$1618,$215,$21,$236,$1854,$0,$69,$-16,$242,$2096,$9,$3,$0,$3,$0,$0,$0,$1,$1,$13,$-2,$0,$0,$0,$14,$14,$-35,$-23,$50,$-79,$-29,$-9,$-9,$-2,$46,$6,$-4,$0,$-2
2,2018-03-31,10.57,$8.05,1.31,$2.77,3.82,$1.39,7.61,$0.36,29.37,$1.67B,$1.61B,1.04,$0.21B,$0.24B,0.88,$0.08B,$0.07B,81.71%,$0.08B,$0.02B,25.61%,$0.08B,0,0.00%,$0.08B,0,0.00%,$0.08B,$0.02B,25.61%,$0.08B,$0.01B,14.63%,$0.01B,$0.24B,4.83%,$0.01B,$0.23B,5.18%,$0.01B,$2.09B,0.58%,$0.02B,$0.46B,5.27%,$20,$4,$16,$0,$12,$16,$5,$0,$5,$1,$4,$4,$4,$0,$0,$29,30,$0.12,$0.12,$29,$0,$0,$1671,$24,$288,$16,$77,$415,$2086,$1609,$213,$21,$234,$1843,$0,$65,$-15,$243,$2086,$4,$2,$0,$2,$0,$0,$0,$3,$3,$9,$-1,$0,$0,$0,$10,$10,$-16,$-7,$48,$-90,$-42,$-5,$-5,$-1,$48,$0,$2,$0,$-1
3,2017-12-31,10.78,$8.11,1.33,$2.75,3.93,$1.21,8.93,$0.41,26.28,$1.65B,$1.65B,1.0,$0.17B,$0.25B,0.67,$0.08B,$0.07B,82.93%,$0.08B,$0.02B,26.83%,$0.08B,0,0.00%,$0.08B,0,0.00%,$0.08B,$0.02B,25.61%,$0.08B,$0.01B,15.85%,$0.01B,$0.25B,5.22%,$0.01B,$0.23B,5.59%,$0.01B,$2.08B,0.62%,$0.02B,$0.41B,5.83%,$21,$4,$17,$0,$12,$16,$5,$0,$5,$6,$-0,$-0,$-0,$0,$0,$30,30,$-0.02,$-0.01,$27,$0,$0,$1653,$24,$304,$17,$77,$430,$2083,$1651,$165,$20,$185,$1836,$0,$63,$-13,$247,$2083,$12,$6,$7,$13,$-0,$0,$0,$-7,$-7,$19,$-2,$0,$0,$0,$10,$10,$-63,$-56,$40,$-28,$13,$-4,$-4,$-4,$-11,$-6,$-43,$1,$-4
4,2017-09-30,10.75,$8.20,1.31,$2.97,3.62,$0.62,17.2,$0.49,21.93,$1.64B,$1.71B,0.96,$0.11B,$0.25B,0.42,$0.08B,$0.07B,83.54%,$0.08B,$0.02B,27.85%,$0.08B,0,0.00%,$0.08B,0,0.00%,$0.08B,$0.02B,24.05%,$0.08B,$0.02B,18.99%,$0.02B,$0.25B,6.07%,$0.02B,$0.24B,6.53%,$0.02B,$2.09B,0.72%,$0.02B,$0.36B,6.03%,$21,$4,$17,$0,$11,$15,$6,$0,$6,$2,$4,$4,$4,$0,$0,$30,30,$0.13,$0.13,$29,$0,$0,$1643,$23,$314,$17,$74,$443,$2086,$1708,$106,$20,$126,$1834,$0,$62,$-9,$253,$2086,$13,$5,$-1,$4,$0,$0,$0,$-3,$-3,$14,$-2,$0,$0,$0,$2,$2,$-52,$-51,$-18,$20,$2,$-1,$-1,$-3,$-2,$-4,$-41,$0,$-3
5,2017-06-30,9.98,$8.09,1.23,$2.99,3.34,$0.40,24.82,$0.40,24.94,$1.62B,$1.69B,0.96,$0.12B,$0.25B,0.47,$0.07B,$0.06B,84.29%,$0.07B,$0.02B,25.71%,$0.07B,0,0.00%,$0.07B,0,0.00%,$0.07B,$0.01B,20.00%,$0.07B,$0.01B,17.14%,$0.01B,$0.25B,5.45%,$0.01B,$0.23B,5.80%,$0.01B,$2.07B,0.63%,$0.02B,$0.37B,5.47%,$20,$4,$17,$0,$12,$15,$5,$-0,$5,$1,$4,$4,$4,$0,$0,$30,30,$0.13,$0.12,$19,$0,$0,$1623,$24,$319,$17,$74,$450,$2073,$1686,$118,$18,$136,$1822,$0,$59,$-10,$251,$2073,$9,$4,$-1,$3,$0,$0,$0,$-5,$-5,$6,$-1,$0,$0,$0,$-3,$-3,$-42,$-47,$-7,$19,$12,$2,$2,$-2,$-22,$-10,$-51,$0,$-2
6,2017-03-31,10.29,$7.99,1.29,$2.99,3.44,$0.28,36.3,$0.30,34.3,$1.64B,$1.70B,0.96,$0.12B,$0.25B,0.5,$0.06B,$0.05B,82.26%,$0.06B,$0.02B,24.19%,$0.06B,0,0.00%,$0.06B,0,0.00%,$0.06B,$0.01B,16.13%,$0.06B,$0.01B,12.90%,$0.01B,$0.25B,4.13%,$0.01B,$0.23B,4.33%,$0.01B,$2.09B,0.47%,$0.02B,$0.37B,5.12%,$20,$3,$17,$0,$11,$14,$6,$-0,$5,$0,$5,$5,$5,$0,$0,$30,30,$0.17,$0.17,$41,$0,$0,$1636,$24,$322,$17,$72,$451,$2087,$1698,$124,$19,$143,$1841,$0,$56,$-11,$246,$2087,$5,$2,$-2,$1,$0,$0,$0,$-2,$-2,$4,$-1,$0,$0,$0,$-6,$-6,$-33,$-40,$-1,$5,$3,$1,$1,$-1,$3,$7,$-30,$0,$-1
7,2016-12-31,9.13,$7.85,1.16,$3.01,3.03,$0.23,39.51,$0.24,38.06,$1.63B,$1.69B,0.97,$0.13B,$0.24B,0.52,$0.05B,$0.04B,79.63%,$0.05B,$0.01B,22.22%,$0.05B,0,0.00%,$0.05B,0,0.00%,$0.05B,$0.01B,14.81%,$0.05B,$0.01B,9.26%,$0.01B,$0.24B,2.98%,$0.01B,$0.22B,3.06%,$0.01B,$2.08B,0.33%,$0.01B,$0.36B,4.63%,$18,$3,$15,$0,$10,$14,$5,$-2,$3,$1,$2,$2,$2,$0,$0,$20,20,$0.08,$0.07,$70,$0,$0,$1632,$21,$316,$18,$72,$444,$2076,$1690,$125,$22,$147,$1838,$0,$52,$-13,$238,$2076,$5,$6,$1,$6,$-0,$0,$0,$-10,$-10,$1,$-1,$0,$24,$0,$119,$119,$-107,$34,$-88,$39,$-49,$1,$1,$-2,$72,$22,$57,$0,$-2
8,2016-09-30,7.45,$7.92,0.94,$2.77,2.69,$0.77,9.71,$0.25,29.78,$0.99B,$1.14B,0.87,$0.07B,$0.15B,0.49,$0.05B,$0.04B,77.08%,$0.05B,$0.01B,18.75%,$0.05B,0,0.00%,$0.05B,0,0.00%,$0.05B,$0.01B,14.58%,$0.05B,$0.00B,8.33%,$0.00B,$0.15B,2.80%,$0.00B,$0.15B,2.80%,$0.00B,$1.38B,0.30%,$0.01B,$0.22B,3.73%,$12,$3,$10,$0,$8,$10,$2,$-1,$1,$0,$1,$1,$1,$0,$0,$17,17,$0.04,$0.04,$51,$0,$0,$992,$13,$308,$0,$55,$386,$1378,$1143,$71,$19,$90,$1233,$0,$51,$-7,$145,$1378,$3,$4,$1,$5,$0,$0,$0,$-5,$-4,$4,$-1,$0,$0,$0,$134,$134,$-129,$4,$-83,$52,$-31,$0,$0,$-2,$62,$29,$37,$0,$-2
9,2016-06-30,7.46,$7.89,0.95,$2.76,2.71,$0.96,7.76,$0.30,24.88,$0.92B,$1.07B,0.87,$0.08B,$0.15B,0.54,$0.05B,$0.04B,75.00%,$0.05B,$0.01B,18.75%,$0.05B,0,0.00%,$0.05B,0,0.00%,$0.05B,$0.01B,16.67%,$0.05B,$0.01B,10.42%,$0.01B,$0.15B,3.53%,$0.01B,$0.15B,3.53%,$0.01B,$1.31B,0.37%,$0.01B,$0.22B,3.41%,$12,$3,$9,$0,$8,$10,$2,$-1,$1,$0,$0,$0,$0,$0,$0,$17,17,$0.02,$0.02,$21,$0,$0,$922,$13,$308,$0,$54,$385,$1306,$1066,$78,$18,$96,$1162,$0,$51,$-8,$145,$1306,$2,$3,$0,$3,$0,$0,$0,$-5,$-5,$1,$-0,$0,$0,$0,$135,$135,$-87,$47,$-76,$16,$-60,$0,$0,$-1,$21,$-40,$8,$0,$-1
10,2016-03-31,8.14,$7.83,1.04,$2.75,2.96,$1.06,7.65,$0.36,22.61,$0.98B,$1.09B,0.9,$0.09B,$0.14B,0.64,$0.05B,$0.04B,75.00%,$0.05B,$0.01B,18.75%,$0.05B,0,0.00%,$0.05B,0,0.00%,$0.05B,$0.01B,18.75%,$0.05B,$0.01B,12.50%,$0.01B,$0.14B,4.27%,$0.01B,$0.14B,4.27%,$0.01B,$1.37B,0.44%,$0.01B,$0.23B,3.08%,$12,$3,$9,$0,$6,$9,$3,$-0,$3,$1,$2,$2,$2,$0,$0,$17,17,$0.11,$0.11,$155,$0,$0,$977,$13,$316,$0,$53,$392,$1369,$1087,$91,$48,$139,$1226,$0,$51,$-9,$143,$1369,$2,$2,$-1,$1,$0,$0,$0,$-3,$-2,$1,$-0,$0,$0,$0,$124,$124,$-8,$116,$-33,$30,$-3,$0,$0,$-1,$28,$25,$141,$0,$-1
11,2015-12-31,8.08,$7.63,1.06,$2.70,2.99,$1.10,7.31,$0.33,24.49,$0.83B,$1.03B,0.8,$0.15B,$0.14B,1.1,$0.05B,$0.04B,76.60%,$0.05B,$0.01B,17.02%,$0.05B,0,0.00%,$0.05B,0,0.00%,$0.05B,$0.01B,17.02%,$0.05B,$0.01B,10.64%,$0.01B,$0.14B,3.58%,$0.01B,$0.14B,3.58%,$0.01B,$1.34B,0.37%,$0.01B,$0.29B,2.48%,$12,$3,$9,$0,$7,$10,$2,$0,$2,$1,$1,$1,$1,$0,$0,$17,17,$0.08,$0.08,$14,$0,$0,$827,$14,$436,$0,$53,$513,$1340,$1029,$153,$18,$172,$1200,$0,$49,$-11,$139,$1340,$6,$7,$1,$8,$0,$0,$0,$-2,$-2,$12,$-3,$0,$0,$0,$66,$66,$-94,$-31,$-81,$34,$-46,$-4,$-4,$-2,$66,$14,$-5,$0,$-2
12,2015-09-30,7.33,$7.59,0.97,$2.64,2.77,$1.17,6.26,$0.34,21.56,$0.83B,$1.03B,0.8,$0.17B,$0.14B,1.19,$0.05B,$0.04B,76.60%,$0.05B,$0.01B,17.02%,$0.05B,0,0.00%,$0.05B,0,0.00%,$0.05B,$0.01B,17.02%,$0.05B,$0.01B,12.77%,$0.01B,$0.14B,4.26%,$0.01B,$0.14B,4.26%,$0.01B,$1.36B,0.45%,$0.01B,$0.31B,2.34%,$12,$3,$9,$0,$7,$10,$2,$0,$2,$1,$2,$2,$2,$0,$0,$17,17,$0.09,$0.09,$22,$0,$0,$825,$14,$456,$0,$52,$533,$1357,$1030,$166,$21,$187,$1218,$0,$48,$-11,$140,$1357,$4,$5,$-0,$5,$0,$0,$0,$0,$0,$9,$-3,$0,$0,$0,$50,$50,$-83,$-36,$-68,$27,$-40,$-3,$-3,$-2,$75,$30,$3,$0,$-2
13,2015-06-30,6.98,$7.56,0.92,$2.60,2.68,$1.28,5.45,$0.33,21.14,$0.77B,$1.01B,0.76,$0.20B,$0.14B,1.4,$0.05B,$0.04B,76.60%,$0.05B,$0.01B,17.02%,$0.05B,0,0.00%,$0.05B,0,0.00%,$0.05B,$0.01B,17.02%,$0.05B,$0.01B,12.77%,$0.01B,$0.14B,4.23%,$0.01B,$0.14B,4.23%,$0.01B,$1.36B,0.45%,$0.01B,$0.34B,2.20%,$12,$3,$9,$0,$7,$10,$2,$0,$2,$0,$1,$1,$1,$0,$0,$18,18,$0.08,$0.08,$14,$0,$0,$769,$14,$517,$0,$52,$593,$1362,$1009,$196,$17,$213,$1222,$0,$47,$-10,$140,$1362,$3,$4,$0,$4,$0,$0,$0,$-2,$-2,$5,$-3,$0,$0,$0,$-12,$-12,$-35,$-50,$-38,$17,$-21,$-2,$-2,$-1,$63,$40,$-5,$0,$-1
14,2015-03-31,7.35,$7.56,0.97,$2.54,2.89,$1.42,5.18,$0.32,22.97,$0.74B,$0.96B,0.77,$0.21B,$0.14B,1.52,$0.05B,$0.04B,78.26%,$0.05B,$0.01B,17.39%,$0.05B,0,0.00%,$0.05B,0,0.00%,$0.05B,$0.01B,17.39%,$0.05B,$0.01B,13.04%,$0.01B,$0.14B,4.18%,$0.01B,$0.14B,4.18%,$0.01B,$1.33B,0.46%,$0.01B,$0.35B,2.11%,$11,$3,$9,$0,$7,$10,$2,$0,$2,$0,$1,$1,$1,$0,$0,$18,18,$0.08,$0.08,$13,$0,$0,$739,$14,$515,$0,$51,$590,$1329,$956,$213,$20,$233,$1189,$0,$47,$-9,$140,$1329,$1,$2,$0,$2,$0,$0,$0,$0,$1,$4,$-2,$0,$0,$0,$-7,$-7,$-6,$-15,$-21,$-11,$-32,$-2,$-2,$-1,$39,$5,$-6,$0,$-1
15,2014-12-31,6.95,$7.61,0.91,$2.48,2.8,$1.50,4.62,$0.33,21.06,$0.74B,$0.93B,0.8,$0.23B,$0.14B,1.63,$0.05B,$0.04B,78.26%,$0.05B,$0.01B,17.39%,$0.05B,0,0.00%,$0.05B,0,0.00%,$0.05B,$0.01B,17.39%,$0.05B,$0.01B,15.22%,$0.01B,$0.14B,4.78%,$0.01B,$0.14B,4.78%,$0.01B,$1.32B,0.54%,$0.01B,$0.38B,2.05%,$12,$3,$9,$0,$7,$9,$2,$0,$2,$1,$2,$2,$2,$0,$0,$18,18,$0.10,$0.10,$19,$0,$0,$740,$12,$509,$0,$51,$580,$1320,$928,$232,$17,$249,$1178,$0,$46,$-7,$143,$1320,$6,$7,$1,$8,$-0,$0,$0,$-2,$-2,$12,$-2,$0,$0,$0,$44,$44,$-88,$-45,$-17,$46,$29,$-11,$-11,$-4,$17,$32,$-1,$0,$-4
16,2014-09-30,6.66,$7.67,0.87,$2.42,2.75,$1.58,4.2,$0.33,20.17,$0.73B,$0.91B,0.81,$0.25B,$0.14B,1.71,$0.05B,$0.04B,80.00%,$0.05B,$0.01B,17.78%,$0.05B,0,0.00%,$0.05B,0,0.00%,$0.05B,$0.01B,17.78%,$0.05B,$0.01B,15.56%,$0.01B,$0.14B,4.69%,$0.01B,$0.14B,4.69%,$0.01B,$1.31B,0.54%,$0.01B,$0.39B,2.01%,$12,$3,$9,$0,$7,$10,$2,$0,$2,$0,$2,$2,$2,$0,$0,$18,18,$0.08,$0.08,$14,$0,$0,$730,$11,$511,$0,$51,$581,$1311,$907,$247,$13,$259,$1167,$0,$45,$-5,$144,$1311,$5,$5,$1,$6,$0,$0,$0,$-1,$-1,$10,$-1,$0,$0,$0,$42,$42,$-83,$-42,$-2,$30,$28,$-10,$-10,$-3,$12,$27,$-5,$0,$-3
17,2014-06-30,6.97,$7.67,0.91,$2.35,2.97,$1.46,4.79,$0.33,21.13,$0.72B,$0.88B,0.82,$0.25B,$0.15B,1.69,$0.04B,$0.04B,81.82%,$0.04B,$0.01B,18.18%,$0.04B,0,0.00%,$0.04B,0,0.00%,$0.04B,$0.01B,18.18%,$0.04B,$0.01B,15.91%,$0.01B,$0.15B,4.59%,$0.01B,$0.15B,4.59%,$0.01B,$1.29B,0.55%,$0.01B,$0.40B,2.00%,$11,$2,$9,$0,$7,$9,$2,$0,$2,$0,$1,$1,$1,$0,$0,$18,18,$0.07,$0.07,$39,$0,$0,$722,$11,$496,$0,$50,$565,$1286,$878,$249,$12,$261,$1139,$0,$44,$-4,$147,$1286,$3,$3,$1,$4,$0,$0,$0,$-1,$-1,$6,$-1,$0,$0,$0,$59,$59,$-48,$10,$0,$12,$12,$-7,$-7,$-2,$2,$4,$20,$0,$-2
18,2014-03-31,6.91,$7.66,0.9,$2.29,3.01,$1.36,5.09,$0.34,20.32,$0.67B,$0.87B,0.77,$0.25B,$0.15B,1.64,$0.04B,$0.04B,81.82%,$0.04B,$0.01B,18.18%,$0.04B,0,0.00%,$0.04B,0,0.00%,$0.04B,$0.01B,18.18%,$0.04B,$0.01B,18.18%,$0.01B,$0.15B,5.14%,$0.01B,$0.15B,5.14%,$0.01B,$1.28B,0.63%,$0.01B,$0.40B,1.95%,$11,$2,$9,$0,$7,$9,$2,$0,$2,$0,$2,$2,$2,$0,$0,$19,19,$0.09,$0.09,$21,$0,$0,$666,$11,$542,$0,$50,$609,$1275,$865,$249,$10,$258,$1123,$0,$44,$-4,$152,$1275,$2,$2,$-0,$1,$0,$0,$0,$0,$0,$3,$-0,$0,$0,$0,$13,$13,$-10,$2,$0,$10,$10,$-3,$-3,$-1,$-10,$-4,$2,$0,$-1
19,2013-12-31,6.86,$7.65,0.9,$2.24,3.07,$1.34,5.12,$0.33,20.79,$0.65B,$0.87B,0.76,$0.25B,$0.15B,1.61,$0.04B,$0.04B,81.82%,$0.04B,$0.01B,18.18%,$0.04B,0,0.00%,$0.04B,0,0.00%,$0.04B,$0.01B,18.18%,$0.04B,$0.01B,18.18%,$0.01B,$0.15B,4.92%,$0.01B,$0.15B,4.92%,$0.01B,$1.28B,0.62%,$0.01B,$0.40B,1.87%,$11,$2,$9,$0,$7,$9,$2,$0,$2,$1,$2,$2,$2,$0,$0,$20,20,$0.10,$0.10,$20,$0,$0,$654,$11,$554,$0,$52,$623,$1277,$865,$248,$9,$257,$1123,$0,$43,$-3,$154,$1277,$7,$7,$1,$8,$0,$0,$0,$-1,$-0,$14,$-1,$0,$0,$0,$57,$57,$-41,$15,$-34,$-22,$-56,$-22,$-22,$-6,$63,$-21,$8,$0,$-6
20,2013-09-30,6.44,$7.57,0.85,$2.16,2.99,$1.10,5.86,$0.31,20.77,$0.65B,$0.86B,0.76,$0.25B,$0.16B,1.58,$0.05B,$0.04B,80.00%,$0.05B,$0.01B,17.78%,$0.05B,0,0.00%,$0.05B,0,0.00%,$0.05B,$0.01B,17.78%,$0.05B,$0.01B,17.78%,$0.01B,$0.16B,4.67%,$0.01B,$0.16B,4.67%,$0.01B,$1.27B,0.62%,$0.01B,$0.41B,1.81%,$11,$3,$9,$0,$7,$9,$2,$0,$2,$0,$2,$2,$2,$0,$0,$20,20,$0.08,$0.08,$28,$0,$0,$645,$11,$558,$0,$50,$626,$1271,$855,$248,$11,$259,$1114,$0,$43,$-4,$157,$1271,$5,$5,$-3,$2,$0,$0,$0,$0,$1,$8,$-1,$0,$0,$0,$56,$56,$-23,$32,$-31,$-8,$-39,$-18,$-18,$-5,$40,$-23,$17,$0,$-5
21,2013-06-30,6.33,$7.73,0.82,$2.07,3.06,$1.08,5.87,$0.29,21.83,$0.62B,$0.85B,0.73,$0.27B,$0.16B,1.68,$0.05B,$0.04B,78.26%,$0.05B,$0.01B,17.39%,$0.05B,0,0.00%,$0.05B,0,0.00%,$0.05B,$0.01B,17.39%,$0.05B,$0.01B,15.22%,$0.01B,$0.16B,3.78%,$0.01B,$0.16B,3.78%,$0.01B,$1.29B,0.54%,$0.01B,$0.43B,1.71%,$11,$3,$9,$0,$7,$9,$2,$0,$2,$0,$2,$2,$2,$0,$0,$20,20,$0.08,$0.08,$16,$0,$0,$619,$11,$607,$0,$49,$674,$1294,$853,$270,$11,$281,$1133,$0,$42,$-2,$160,$1294,$3,$3,$-3,$0,$0,$0,$0,$1,$1,$5,$-1,$0,$0,$0,$9,$9,$-10,$-1,$-9,$0,$-9,$-16,$-16,$-4,$29,$1,$4,$0,$-4
22,2013-03-31,6.93,$8.17,0.85,$1.99,3.49,$1.06,6.57,$0.25,27.72,$0.61B,$0.83B,0.74,$0.29B,$0.18B,1.62,$0.05B,$0.04B,76.60%,$0.05B,$0.01B,17.02%,$0.05B,0,0.00%,$0.05B,0,0.00%,$0.05B,$0.01B,17.02%,$0.05B,$0.01B,12.77%,$0.01B,$0.18B,3.03%,$0.01B,$0.18B,3.03%,$0.01B,$1.31B,0.46%,$0.01B,$0.47B,1.64%,$11,$3,$9,$0,$6,$9,$2,$0,$2,$1,$2,$2,$2,$0,$0,$21,21,$0.08,$0.08,$19,$0,$0,$612,$11,$631,$0,$50,$694,$1307,$828,$290,$10,$300,$1128,$0,$43,$7,$179,$1307,$2,$2,$-0,$1,$0,$0,$0,$0,$0,$4,$-0,$0,$0,$0,$-1,$-1,$-0,$-2,$9,$-14,$-5,$-7,$-7,$-1,$19,$6,$7,$0,$-1
23,2012-12-31,6.39,$8.28,0.77,$1.97,3.24,$0.99,6.47,$0.26,24.58,$0.60B,$0.82B,0.73,$0.28B,$0.19B,1.47,$0.05B,$0.04B,75.51%,$0.05B,$0.01B,18.37%,$0.05B,0,0.00%,$0.05B,0,0.00%,$0.05B,$0.01B,18.37%,$0.05B,$0.01B,12.24%,$0.01B,$0.19B,2.90%,$0.01B,$0.19B,2.90%,$0.01B,$1.30B,0.46%,$0.01B,$0.47B,1.85%,$12,$3,$9,$0,$7,$10,$2,$0,$2,$1,$2,$2,$2,$0,$0,$25,25,$0.07,$0.07,$12,$0,$0,$603,$11,$636,$0,$51,$698,$1301,$823,$279,$10,$289,$1112,$0,$42,$11,$189,$1301,$6,$7,$1,$7,$-1,$0,$0,$-2,$-2,$11,$-1,$0,$0,$0,$-3,$-3,$-43,$-46,$30,$17,$47,$-31,$-31,$-11,$21,$26,$-9,$2,$-11
24,2012-09-30,6.47,$8.37,0.77,$1.94,3.34,$1.11,5.83,$0.25,25.89,$0.59B,$0.80B,0.74,$0.30B,$0.21B,1.4,$0.05B,$0.04B,75.51%,$0.05B,$0.01B,18.37%,$0.05B,0,0.00%,$0.05B,0,0.00%,$0.05B,$0.01B,18.37%,$0.05B,$0.01B,12.24%,$0.01B,$0.21B,2.80%,$0.01B,$0.21B,2.80%,$0.01B,$1.32B,0.46%,$0.01B,$0.51B,1.86%,$12,$3,$9,$0,$7,$10,$2,$0,$2,$0,$1,$1,$1,$0,$0,$24,24,$0.06,$0.06,$12,$0,$0,$591,$11,$664,$0,$51,$726,$1317,$796,$297,$12,$310,$1105,$0,$44,$13,$212,$1317,$5,$5,$-0,$5,$-1,$0,$0,$0,$-0,$9,$-1,$0,$0,$0,$-27,$-27,$-30,$-58,$49,$-12,$38,$-13,$-13,$-7,$22,$40,$-9,$1,$-7
25,2012-06-30,6.26,$8.14,0.77,$1.90,3.3,$1.18,5.31,$0.25,25.03,$0.60B,$0.81B,0.75,$0.29B,$0.21B,1.37,$0.05B,$0.04B,75.51%,$0.05B,$0.01B,18.37%,$0.05B,0,0.00%,$0.05B,0,0.00%,$0.05B,$0.01B,18.37%,$0.05B,$0.01B,12.24%,$0.01B,$0.21B,2.74%,$0.01B,$0.21B,2.74%,$0.01B,$1.32B,0.47%,$0.01B,$0.50B,1.89%,$12,$3,$9,$0,$7,$10,$2,$0,$2,$1,$1,$1,$1,$0,$0,$25,25,$0.04,$0.04,$21,$0,$0,$601,$11,$654,$0,$51,$717,$1319,$806,$290,$11,$301,$1107,$0,$45,$9,$211,$1319,$3,$3,$-1,$2,$-1,$0,$0,$-0,$-1,$5,$-1,$0,$0,$0,$-23,$-23,$-31,$-54,$42,$6,$48,$-8,$-8,$-6,$15,$49,$-1,$1,$-6
26,2012-03-31,6.64,$8.10,0.82,$1.89,3.51,$1.28,5.19,$0.27,24.58,$0.57B,$0.82B,0.7,$0.25B,$0.22B,1.15,$0.05B,$0.04B,75.51%,$0.05B,$0.01B,18.37%,$0.05B,0,0.00%,$0.05B,0,0.00%,$0.05B,$0.01B,18.37%,$0.05B,$0.01B,14.29%,$0.01B,$0.22B,3.16%,$0.01B,$0.22B,3.16%,$0.01B,$1.29B,0.55%,$0.01B,$0.46B,1.92%,$13,$3,$10,$0,$7,$10,$3,$0,$3,$1,$2,$2,$2,$0,$0,$25,26,$0.09,$0.09,$17,$0,$0,$572,$11,$658,$0,$50,$722,$1294,$819,$248,$11,$259,$1078,$0,$48,$6,$216,$1294,$2,$1,$-1,$0,$-0,$0,$0,$0,$-0,$2,$-0,$0,$0,$0,$-31,$-31,$-4,$-35,$1,$17,$18,$-4,$-4,$-2,$16,$29,$-4,$0,$-2
27,2011-12-31,6.13,$8.14,0.75,$1.83,3.35,$1.31,4.68,$0.23,26.66,$0.57B,$0.79B,0.73,$0.25B,$0.22B,1.13,$0.05B,$0.04B,72.92%,$0.05B,$0.01B,16.67%,$0.05B,0,0.00%,$0.05B,0,0.00%,$0.05B,$0.01B,16.67%,$0.05B,$0.01B,12.50%,$0.01B,$0.22B,2.70%,$0.01B,$0.22B,2.70%,$0.01B,$1.26B,0.48%,$0.01B,$0.47B,1.70%,$12,$3,$9,$0,$7,$10,$2,$0,$2,$0,$2,$2,$2,$0,$0,$26,27,$0.05,$0.05,$21,$0,$0,$572,$11,$630,$0,$49,$692,$1263,$786,$247,$11,$258,$1044,$0,$48,$8,$219,$1263,$6,$5,$3,$8,$0,$0,$0,$0,$1,$15,$-1,$0,$0,$0,$35,$35,$-48,$-13,$9,$-10,$-1,$-9,$-9,$-14,$33,$8,$9,$2,$-14
28,2011-09-30,5.33,$8.31,0.64,$1.81,2.95,$1.41,3.78,$0.22,24.23,$0.56B,$0.78B,0.72,$0.25B,$0.23B,1.08,$0.05B,$0.03B,70.83%,$0.05B,$0.01B,14.58%,$0.05B,0,0.00%,$0.05B,0,0.00%,$0.05B,$0.01B,14.58%,$0.05B,$0.01B,10.42%,$0.01B,$0.23B,2.24%,$0.01B,$0.23B,2.24%,$0.01B,$1.26B,0.40%,$0.01B,$0.48B,1.49%,$12,$4,$9,$0,$7,$10,$2,$0,$2,$0,$1,$1,$1,$0,$0,$26,27,$0.06,$0.06,$20,$0,$0,$561,$11,$640,$0,$49,$702,$1263,$776,$247,$10,$257,$1033,$0,$52,$10,$230,$1263,$4,$4,$2,$6,$0,$0,$0,$1,$1,$11,$-0,$0,$0,$0,$27,$27,$-39,$-12,$9,$-7,$2,$-4,$-4,$-9,$20,$9,$8,$1,$-9
29,2011-06-30,6.51,$7.93,0.82,$1.90,3.43,$1.49,4.38,$0.19,34.27,$0.55B,$0.76B,0.73,$0.25B,$0.22B,1.13,$0.05B,$0.04B,70.59%,$0.05B,$0.01B,11.76%,$0.05B,0,0.00%,$0.05B,0,0.00%,$0.05B,$0.01B,11.76%,$0.05B,$0.01B,9.80%,$0.01B,$0.22B,2.22%,$0.01B,$0.22B,2.22%,$0.01B,$1.24B,0.40%,$0.01B,$0.47B,1.28%,$12,$4,$9,$0,$7,$10,$2,$0,$2,$1,$2,$2,$2,$0,$0,$27,27,$0.06,$0.06,$14,$0,$0,$554,$11,$620,$0,$49,$686,$1241,$760,$250,$9,$259,$1020,$0,$52,$-0,$221,$1241,$3,$3,$1,$4,$0,$0,$0,$0,$0,$7,$-0,$0,$0,$0,$33,$33,$-38,$-4,$12,$-14,$-2,$-3,$-3,$-7,$11,$-1,$2,$1,$-7
30,2011-03-31,7.1,$7.82,0.91,$1.92,3.7,$1.53,4.64,$0.12,59.14,$0.54B,$0.76B,0.7,$0.25B,$0.22B,1.14,$0.05B,$0.04B,67.92%,$0.05B,$0.00B,5.66%,$0.05B,0,0.00%,$0.05B,0,0.00%,$0.05B,$0.00B,5.66%,$0.05B,$0.00B,5.66%,$0.00B,$0.22B,1.31%,$0.00B,$0.22B,1.31%,$0.00B,$1.24B,0.24%,$0.00B,$0.47B,0.64%,$12,$4,$8,$0,$7,$11,$2,$0,$2,$0,$1,$1,$1,$0,$0,$27,27,$0.05,$0.05,$14,$0,$0,$536,$11,$636,$0,$48,$705,$1241,$763,$250,$9,$259,$1021,$0,$56,$-7,$219,$1241,$1,$1,$1,$2,$0,$0,$0,$-0,$-0,$3,$-0,$0,$0,$0,$9,$9,$-18,$-10,$12,$-8,$4,$-1,$-1,$-2,$7,$9,$2,$0,$-2
31,2010-12-31,7.2,$7.86,0.92,$1.92,3.75,$1.58,4.56,$0.12,59.96,$0.52B,$0.76B,0.68,$0.24B,$0.22B,1.08,$0.05B,$0.04B,68.52%,$0.05B,$0.00B,5.56%,$0.05B,0,0.00%,$0.05B,0,0.00%,$0.05B,$0.00B,5.56%,$0.05B,$0.00B,5.56%,$0.00B,$0.22B,1.27%,$0.00B,$0.22B,1.27%,$0.00B,$1.24B,0.24%,$0.00B,$0.46B,0.65%,$12,$4,$8,$0,$7,$11,$1,$0,$1,$-0,$1,$1,$1,$0,$0,$28,28,$0.04,$0.04,$12,$0,$0,$518,$12,$655,$0,$46,$721,$1239,$763,$238,$17,$255,$1018,$0,$56,$-6,$221,$1239,$3,$8,$6,$15,$1,$0,$0,$-0,$1,$18,$-1,$0,$0,$0,$-30,$-30,$-41,$-72,$24,$-12,$13,$-15,$-15,$-14,$53,$37,$-17,$2,$-14
32,2010-09-30,5.92,$8.44,0.7,$1.97,3.01,$1.25,4.75,$0.13,45.53,$0.51B,$0.76B,0.67,$0.24B,$0.24B,1.0,$0.06B,$0.04B,69.64%,$0.06B,$0.00B,7.14%,$0.06B,0,0.00%,$0.06B,0,0.00%,$0.06B,$0.00B,7.14%,$0.06B,$0.00B,7.14%,$0.00B,$0.24B,1.65%,$0.00B,$0.24B,1.65%,$0.00B,$1.25B,0.33%,$0.00B,$0.48B,0.86%,$15,$4,$11,$0,$10,$14,$1,$0,$1,$-0,$1,$1,$1,$0,$0,$27,28,$0.03,$0.03,$25,$0,$0,$508,$12,$686,$0,$44,$745,$1253,$759,$239,$16,$255,$1014,$0,$61,$7,$239,$1253,$2,$6,$6,$12,$1,$0,$0,$-0,$0,$14,$-1,$0,$0,$0,$-41,$-41,$-17,$-58,$25,$-9,$16,$-12,$-12,$-9,$46,$41,$-3,$1,$-9
33,2010-06-30,6.28,$8.19,0.77,$1.87,3.36,$0.98,6.39,$0.14,44.82,$0.49B,$0.76B,0.65,$0.23B,$0.24B,0.95,$0.05B,$0.04B,66.67%,$0.05B,$0.00B,7.41%,$0.05B,0,0.00%,$0.05B,0,0.00%,$0.05B,$0.00B,7.41%,$0.05B,$0.00B,7.41%,$0.00B,$0.24B,1.62%,$0.00B,$0.24B,1.62%,$0.00B,$1.24B,0.33%,$0.00B,$0.47B,0.86%,$14,$4,$9,$0,$10,$14,$-1,$0,$-1,$-0,$-0,$-0,$-0,$0,$0,$28,28,$-0.01,$-0.01,$16,$0,$0,$491,$12,$682,$0,$44,$744,$1235,$761,$226,$8,$234,$995,$0,$63,$-0,$240,$1235,$1,$4,$4,$8,$0,$0,$0,$-1,$-0,$9,$-0,$0,$0,$0,$-56,$-56,$-4,$-61,$13,$16,$29,$-5,$-5,$-7,$22,$39,$-13,$1,$-7
34,2010-03-31,6.76,$8.30,0.81,$1.85,3.65,$0.84,8.05,$0.19,35.6,$0.48B,$0.74B,0.65,$0.21B,$0.25B,0.86,$0.05B,$0.04B,66.67%,$0.05B,$0.01B,11.11%,$0.05B,0,0.00%,$0.05B,0,0.00%,$0.05B,$0.01B,11.11%,$0.05B,$0.01B,9.26%,$0.01B,$0.25B,1.99%,$0.01B,$0.25B,1.99%,$0.01B,$1.20B,0.42%,$0.01B,$0.46B,1.29%,$13,$4,$9,$0,$7,$11,$2,$0,$2,$0,$1,$1,$1,$0,$0,$28,28,$0.05,$0.05,$16,$0,$0,$482,$12,$655,$0,$44,$718,$1200,$736,$210,$8,$218,$954,$0,$69,$-3,$246,$1200,$1,$2,$1,$3,$-0,$0,$0,$0,$0,$5,$-0,$0,$0,$0,$-32,$-32,$9,$-23,$-4,$0,$-4,$-2,$-2,$-1,$13,$6,$-12,$0,$-1
35,2009-12-31,6.03,$8.29,0.73,$1.87,3.22,$0.80,7.51,$0.18,33.52,$0.50B,$0.72B,0.7,$0.21B,$0.25B,0.87,$0.06B,$0.04B,65.45%,$0.06B,$0.01B,10.91%,$0.06B,0,0.00%,$0.06B,0,0.00%,$0.06B,$0.01B,10.91%,$0.06B,$0.01B,9.09%,$0.01B,$0.25B,1.95%,$0.01B,$0.25B,1.95%,$0.01B,$1.19B,0.42%,$0.01B,$0.46B,1.29%,$14,$5,$10,$0,$7,$12,$2,$0,$2,$0,$2,$2,$2,$0,$0,$29,30,$0.07,$0.06,$29,$0,$0,$503,$12,$624,$0,$45,$688,$1191,$722,$214,$8,$222,$944,$0,$69,$-2,$247,$1191,$5,$4,$7,$11,$0,$0,$0,$-6,$-6,$10,$-1,$0,$0,$0,$-131,$-131,$-3,$-136,$40,$25,$65,$-13,$-13,$-15,$60,$97,$-28,$2,$-15
36,2009-09-30,6.04,$8.40,0.72,$1.86,3.25,$0.85,7.13,$0.19,31.81,$0.56B,$0.71B,0.79,$0.22B,$0.26B,0.85,$0.06B,$0.04B,63.64%,$0.06B,$0.00B,7.27%,$0.06B,0,0.00%,$0.06B,0,0.00%,$0.06B,$0.00B,7.27%,$0.06B,$0.00B,7.27%,$0.00B,$0.26B,1.54%,$0.00B,$0.26B,1.54%,$0.00B,$1.26B,0.34%,$0.00B,$0.48B,0.87%,$13,$5,$8,$0,$7,$12,$1,$0,$1,$0,$1,$1,$1,$0,$0,$29,30,$0.04,$0.04,$25,$0,$0,$563,$12,$638,$0,$41,$698,$1262,$710,$219,$9,$228,$1004,$0,$73,$-2,$257,$1262,$4,$3,$5,$7,$-0,$0,$0,$-3,$-3,$7,$-1,$0,$0,$0,$-143,$-143,$3,$-142,$45,$6,$51,$-7,$-7,$-9,$66,$102,$-32,$2,$-9
37,2009-06-30,6.43,$8.33,0.77,$1.89,3.4,$0.86,7.52,$0.22,29.23,$0.51B,$0.68B,0.74,$0.21B,$0.26B,0.83,$0.06B,$0.04B,64.29%,$0.06B,$0.01B,10.71%,$0.06B,0,0.00%,$0.06B,0,0.00%,$0.06B,$0.01B,10.71%,$0.06B,$0.01B,8.93%,$0.01B,$0.26B,1.90%,$0.01B,$0.26B,1.90%,$0.01B,$1.17B,0.45%,$0.01B,$0.47B,1.33%,$14,$5,$9,$0,$8,$13,$1,$0,$1,$0,$1,$1,$1,$0,$0,$30,30,$0.04,$0.04,$23,$0,$0,$506,$12,$598,$0,$41,$659,$1165,$683,$213,$11,$224,$907,$0,$73,$-4,$257,$1165,$2,$2,$3,$4,$-0,$0,$0,$-1,$-1,$6,$-1,$0,$0,$0,$-105,$-105,$-7,$-113,$39,$2,$41,$-4,$-4,$-7,$44,$74,$-33,$1,$-7
38,2009-03-31,6.11,$8.42,0.73,$1.90,3.21,$0.78,7.85,$0.25,24.45,$0.51B,$0.65B,0.78,$0.19B,$0.26B,0.74,$0.06B,$0.04B,64.29%,$0.06B,$0.01B,14.29%,$0.06B,0,0.00%,$0.06B,0,0.00%,$0.06B,$0.01B,14.29%,$0.06B,$0.01B,10.71%,$0.01B,$0.26B,2.24%,$0.01B,$0.26B,2.24%,$0.01B,$1.13B,0.55%,$0.01B,$0.46B,1.82%,$14,$5,$9,$0,$8,$13,$2,$0,$2,$0,$1,$1,$1,$0,$0,$30,30,$0.04,$0.04,$36,$0,$0,$507,$12,$560,$0,$38,$619,$1126,$653,$194,$11,$205,$863,$0,$78,$-6,$263,$1126,$1,$1,$2,$2,$-0,$0,$0,$1,$1,$4,$-0,$0,$0,$0,$-63,$-63,$5,$-58,$21,$3,$23,$-1,$-1,$-1,$13,$33,$-21,$1,$-1
39,2008-12-31,7.13,$8.30,0.86,$1.91,3.74,$0.70,10.15,$0.27,26.42,$0.53B,$0.64B,0.84,$0.17B,$0.26B,0.67,$0.06B,$0.04B,63.16%,$0.06B,$0.01B,15.79%,$0.06B,0,0.00%,$0.06B,0,0.00%,$0.06B,$0.01B,15.79%,$0.06B,$0.01B,12.28%,$0.01B,$0.26B,2.57%,$0.01B,$0.26B,2.57%,$0.01B,$1.11B,0.65%,$0.01B,$0.43B,2.08%,$14,$5,$9,$0,$9,$14,$0,$0,$0,$-1,$1,$1,$1,$0,$0,$30,30,$0.02,$0.02,$57,$0,$0,$534,$12,$514,$0,$38,$575,$1109,$638,$173,$38,$211,$849,$0,$79,$-9,$260,$1109,$7,$2,$4,$6,$1,$0,$0,$-3,$-2,$11,$-1,$0,$0,$0,$29,$29,$-63,$-34,$68,$15,$83,$-9,$-9,$-18,$-14,$42,$19,$2,$-18
40,2008-09-30,6.91,$8.71,0.79,$1.95,3.54,$0.67,10.29,$0.29,23.83,$0.53B,$0.62B,0.85,$0.17B,$0.27B,0.62,$0.06B,$0.04B,61.02%,$0.06B,$0.01B,22.03%,$0.06B,0,0.00%,$0.06B,0,0.00%,$0.06B,$0.01B,22.03%,$0.06B,$0.01B,15.25%,$0.01B,$0.27B,3.23%,$0.01B,$0.27B,3.23%,$0.01B,$1.07B,0.84%,$0.01B,$0.44B,3.08%,$14,$5,$9,$0,$6,$11,$3,$0,$3,$1,$2,$2,$2,$0,$0,$30,30,$0.07,$0.07,$69,$0,$0,$530,$12,$485,$0,$46,$543,$1073,$623,$169,$9,$177,$800,$0,$87,$-4,$273,$1073,$6,$2,$2,$3,$1,$0,$0,$-3,$-3,$7,$-0,$0,$0,$0,$37,$37,$-45,$-7,$64,$1,$65,$-8,$-8,$-9,$-16,$32,$31,$1,$-9
41,2008-06-30,6.04,$8.72,0.69,$1.96,3.08,$0.85,7.11,$0.29,20.83,$0.49B,$0.63B,0.77,$0.15B,$0.27B,0.56,$0.06B,$0.04B,60.00%,$0.06B,$0.01B,21.67%,$0.06B,0,0.00%,$0.06B,0,0.00%,$0.06B,$0.01B,21.67%,$0.06B,$0.01B,15.00%,$0.01B,$0.27B,3.18%,$0.01B,$0.27B,3.18%,$0.01B,$1.07B,0.85%,$0.01B,$0.43B,3.17%,$14,$6,$9,$0,$6,$12,$3,$0,$3,$1,$2,$2,$2,$0,$0,$30,30,$0.07,$0.07,$48,$0,$0,$488,$12,$525,$0,$44,$582,$1069,$634,$154,$8,$162,$796,$0,$87,$-2,$274,$1069,$4,$1,$1,$2,$0,$0,$0,$-3,$-3,$3,$-0,$0,$0,$0,$0,$0,$-22,$-22,$49,$12,$61,$-8,$-8,$-8,$-16,$29,$10,$1,$-8
42,2008-03-31,6.39,$8.93,0.72,$1.94,3.3,$0.87,7.32,$0.28,22.83,$0.49B,$0.64B,0.76,$0.15B,$0.28B,0.53,$0.06B,$0.04B,58.33%,$0.06B,$0.01B,21.67%,$0.06B,0,0.00%,$0.06B,0,0.00%,$0.06B,$0.01B,21.67%,$0.06B,$0.01B,15.00%,$0.01B,$0.28B,3.13%,$0.01B,$0.28B,3.13%,$0.01B,$1.08B,0.86%,$0.01B,$0.43B,3.27%,$15,$6,$9,$0,$6,$12,$3,$0,$3,$1,$2,$2,$2,$0,$0,$30,31,$0.06,$0.06,$63,$0,$0,$487,$12,$542,$0,$41,$596,$1083,$642,$149,$10,$159,$801,$0,$92,$-0,$282,$1083,$2,$1,$0,$1,$0,$0,$0,$-2,$-1,$2,$-0,$0,$0,$0,$-14,$-14,$-3,$-17,$44,$13,$57,$-5,$-5,$-2,$-9,$41,$26,$0,$-2
43,2007-12-31,6.31,$8.97,0.7,$1.90,3.32,$1.46,4.31,$0.29,21.78,$0.46B,$0.64B,0.72,$0.11B,$0.29B,0.37,$0.06B,$0.03B,57.63%,$0.06B,$0.01B,22.03%,$0.06B,0,0.00%,$0.06B,0,0.00%,$0.06B,$0.01B,22.03%,$0.06B,$0.01B,15.25%,$0.01B,$0.29B,3.10%,$0.01B,$0.29B,3.10%,$0.01B,$1.04B,0.87%,$0.01B,$0.39B,3.46%,$16,$6,$9,$0,$6,$12,$4,$0,$4,$1,$3,$3,$3,$0,$0,$30,31,$0.09,$0.08,$38,$0,$0,$458,$13,$530,$0,$35,$581,$1040,$638,$105,$10,$115,$753,$0,$93,$1,$287,$1040,$9,$2,$1,$3,$-1,$0,$0,$0,$-1,$11,$-1,$0,$0,$0,$-113,$-113,$-41,$-155,$60,$7,$67,$-6,$-6,$-12,$-22,$27,$-117,$1,$-12
44,2007-09-30,6.16,$9.07,0.68,$1.78,3.47,$1.27,4.84,$0.33,18.67,$0.46B,$0.64B,0.72,$0.10B,$0.29B,0.36,$0.06B,$0.03B,56.36%,$0.06B,$0.01B,20.00%,$0.06B,0,0.00%,$0.06B,0,0.00%,$0.06B,$0.01B,20.00%,$0.06B,$0.01B,12.73%,$0.01B,$0.29B,2.40%,$0.01B,$0.29B,2.40%,$0.01B,$1.04B,0.69%,$0.01B,$0.39B,3.05%,$15,$6,$9,$0,$5,$12,$3,$0,$3,$1,$2,$2,$2,$0,$0,$30,30,$0.07,$0.07,$53,$0,$0,$461,$13,$532,$0,$38,$583,$1044,$637,$103,$14,$117,$754,$0,$98,$0,$290,$1044,$6,$1,$2,$3,$-1,$0,$0,$6,$5,$14,$-2,$0,$0,$0,$-117,$-117,$-28,$-147,$50,$3,$53,$-6,$-6,$-5,$-11,$31,$-102,$1,$-5
45,2007-06-30,6.29,$8.45,0.74,$1.65,3.82,$1.00,6.32,$0.29,21.9,$0.49B,$0.65B,0.75,$0.08B,$0.29B,0.27,$0.05B,$0.03B,54.90%,$0.05B,$0.01B,17.65%,$0.05B,0,0.00%,$0.05B,0,0.00%,$0.05B,$0.01B,17.65%,$0.05B,$0.01B,11.76%,$0.01B,$0.29B,2.42%,$0.01B,$0.29B,2.42%,$0.01B,$1.03B,0.62%,$0.01B,$0.37B,2.95%,$14,$6,$8,$0,$6,$11,$3,$0,$3,$1,$2,$2,$2,$0,$0,$30,31,$0.06,$0.06,$85,$0,$0,$485,$13,$495,$0,$38,$546,$1032,$651,$80,$8,$88,$738,$0,$97,$-1,$293,$1032,$4,$1,$1,$2,$-1,$0,$0,$0,$-1,$5,$-1,$0,$0,$0,$-82,$-82,$-20,$-104,$35,$-8,$27,$0,$0,$-3,$5,$30,$-69,$1,$-3
46,2007-03-31,6.73,$8.45,0.8,$1.56,4.32,$0.98,6.9,$0.27,25.22,$0.47B,$0.65B,0.73,$0.05B,$0.29B,0.17,$0.05B,$0.03B,56.25%,$0.05B,$0.01B,16.67%,$0.05B,0,0.00%,$0.05B,0,0.00%,$0.05B,$0.01B,16.67%,$0.05B,$0.01B,10.42%,$0.01B,$0.29B,2.46%,$0.01B,$0.29B,2.46%,$0.01B,$1.01B,0.55%,$0.01B,$0.34B,3.17%,$14,$5,$8,$0,$5,$11,$3,$0,$3,$1,$2,$2,$2,$0,$0,$30,31,$0.07,$0.07,$93,$0,$0,$474,$13,$490,$0,$37,$540,$1014,$646,$50,$25,$75,$721,$0,$97,$-0,$293,$1014,$2,$0,$1,$1,$-0,$0,$0,$18,$17,$20,$-1,$0,$0,$0,$-76,$-76,$-2,$-78,$5,$-10,$-5,$0,$0,$-2,$3,$-3,$-62,$0,$-2
47,2006-12-31,6.59,$9.07,0.73,$1.46,4.52,$0.40,16.49,$0.24,27.51,$0.54B,$0.66B,0.83,$0.05B,$0.29B,0.16,$0.05B,$0.03B,57.78%,$0.05B,$0.01B,15.56%,$0.05B,0,0.00%,$0.05B,0,0.00%,$0.05B,$0.01B,15.56%,$0.05B,$0.00B,8.89%,$0.00B,$0.29B,2.52%,$0.00B,$0.29B,2.52%,$0.00B,$1.00B,0.46%,$0.01B,$0.33B,3.39%,$12,$6,$6,$0,$5,$10,$2,$0,$2,$0,$1,$1,$1,$0,$0,$31,31,$0.04,$0.04,$155,$0,$0,$544,$12,$413,$0,$27,$453,$997,$655,$45,$7,$52,$707,$0,$93,$-1,$289,$997,$5,$2,$1,$3,$-1,$0,$0,$-1,$-1,$7,$-3,$0,$0,$0,$-54,$-54,$-7,$-64,$0,$13,$13,$171,$171,$-4,$5,$185,$128,$1,$-4
