,Date,Stock Price,Book Value per Share,Price to Book Ratio,TTM Sales per Share,Price to Sales Ratio,TTM FCF per Share,Price to FCF Ratio,TTM Net EPS,PE Ratio,Current Assets,Current Liabilities,Current Ratio,Long Term Debt,Shareholder's Equity_x,Debt to Equity Ratio,TTM Revenue_x,TTM Gross Profit,Gross Margin,TTM Revenue_y,TTM Operating Income,Operating Margin,TTM Revenue_x,TTM EBIT,EBIT Margin,TTM Revenue_y,TTM EBITDA,EBITDA Margin,TTM Revenue_x,TTM Pre-Tax Income,Pre-Tax Margin,TTM Revenue_y,TTM Net Income_x,Net Margin,TTM Net Income_y,Shareholder's Equity_y,Return on Equity,TTM Net Income_x,Tangible Equity,Return on Tangible Equity,TTM Net Income_y,Total Assets,Return on Assets,TTM Net Income,LT Investments & Debt,Return on Investment,revenue,cost-goods-sold,gross-profit,research-development-expenses,selling-general-administrative-expenses,operating-expenses,operating-income,total-non-operating-income-expense,pre-tax-income,total-provision-income-taxes,income-after-taxes,income-from-continuous-operations,net-income,ebitda,ebit,basic-shares-outstanding,shares-outstanding,eps-basic-net-earnings-per-share,eps-earnings-per-share-diluted,cash-on-hand,inventory,other-current-assets,total-current-assets,net-property-plant-equipment,long-term-investments,goodwill-intangible-assets-total,other-long-term-assets,total-long-term-assets,total-assets,total-current-liabilities,long-term-debt,other-non-current-liabilities,total-long-term-liabilities,total-liabilities,common-stock-net,retained-earnings-accumulated-deficit,comprehensive-income,total-share-holder-equity,total-liabilities-share-holders-equity,net-income-loss,total-depreciation-amortization-cash-flow,other-non-cash-items,total-non-cash-items,change-in-accounts-receivable,change-in-inventories,change-in-accounts-payable,change-in-assets-liabilities,total-change-in-assets-liabilities,cash-flow-from-operating-activities,net-change-in-property-plant-equipment,net-change-in-intangible-assets,net-acquisitions-divestitures,net-change-in-short-term-investments,net-change-in-long-term-investments,net-change-in-investments-total,investing-activities-other,cash-flow-from-investing-activities,net-long-term-debt,net-current-debt,debt-issuance-retirement-net-total,net-common-equity-issued-repurchased,net-total-equity-issued-repurchased,total-common-preferred-stock-dividends-paid,financial-activities-other,cash-flow-from-financial-activities,net-cash-flow,stock-based-compensation,common-stock-dividends-paid
0,2018-09-30,3.0,$0.75,4.02,$2.22,1.35,$-1.13,0.0,$-0.29,0.0,$0.17B,$0.11B,1.55,$0.04B,$0.10B,0.4,$0.29B,$0.07B,24.83%,$0.29B,$-0.05B,-16.43%,$0.29B,$-0.05B,-16.43%,$0.29B,$-0.03B,-10.49%,$0.29B,$-0.05B,-16.43%,$0.29B,$-0.04B,-12.59%,$-0.04B,$0.10B,-34.04%,$-0.04B,$0.08B,-43.37%,$-0.04B,$0.28B,-12.20%,$-0.05B,$0.14B,-31.54%,$66,$50,$16,$8,$18,$78,$-13,$3,$-10,$3,$-12,$-12,$-3,$-8,$-13,$132,132,$-0.02,$-0.02,$54,$47,$0,$173,$66,$11,$21,$5,$103,$277,$112,$40,$22,$66,$177,$1086,$-989,$-21,$99,$277,$-30,$13,$-7,$5,$-3,$-3,$0,$1,$-2,$-27,$-7,$0,$14,$0,$0,$0,$19,$25,$-7,$0,$-7,$0,$0,$0,$-3,$-10,$-18,$2,$0
1,2018-06-30,2.53,$0.76,3.35,$2.24,1.13,$-1.45,0.0,$-0.41,0.0,$0.18B,$0.12B,1.52,$0.04B,$0.10B,0.42,$0.28B,$0.07B,25.00%,$0.28B,$-0.05B,-18.48%,$0.28B,$-0.05B,-18.48%,$0.28B,$-0.04B,-12.68%,$0.28B,$-0.05B,-19.20%,$0.28B,$-0.05B,-17.75%,$-0.05B,$0.10B,-42.70%,$-0.05B,$0.08B,-53.70%,$-0.05B,$0.29B,-16.14%,$-0.05B,$0.14B,-32.80%,$80,$59,$22,$7,$18,$87,$-6,$1,$-6,$0,$-6,$-6,$-5,$-2,$-6,$132,132,$-0.04,$-0.04,$51,$45,$0,$183,$66,$11,$22,$5,$106,$289,$120,$42,$22,$68,$189,$1084,$-986,$-23,$100,$289,$-18,$8,$-4,$4,$-8,$0,$0,$-1,$-4,$-18,$-5,$0,$0,$0,$0,$0,$11,$6,$-4,$0,$-4,$0,$0,$0,$0,$-4,$-21,$2,$0
2,2018-03-31,2.19,$0.81,2.71,$2.16,1.02,$-1.69,0.0,$-0.11,0.0,$0.19B,$0.12B,1.54,$0.05B,$0.11B,0.42,$0.26B,$0.06B,24.31%,$0.26B,$-0.06B,-23.53%,$0.26B,$-0.06B,-23.53%,$0.26B,$-0.05B,-17.65%,$0.26B,$-0.06B,-25.10%,$0.26B,$-0.01B,-4.71%,$-0.01B,$0.11B,-10.30%,$-0.01B,$0.08B,-13.01%,$-0.01B,$0.30B,-3.79%,$-0.06B,$0.15B,-38.96%,$68,$52,$15,$9,$15,$79,$-11,$-1,$-12,$1,$-13,$-13,$-14,$-7,$-11,$132,132,$-0.11,$-0.11,$55,$54,$0,$187,$70,$11,$24,$7,$113,$300,$121,$45,$22,$72,$193,$1080,$-981,$-20,$106,$300,$-13,$4,$-3,$1,$-4,$-4,$0,$0,$-2,$-14,$-4,$0,$0,$0,$4,$4,$0,$-0,$-2,$0,$-2,$0,$0,$0,$0,$-2,$-17,$0,$0
3,2017-12-31,3.76,$0.90,4.18,$2.19,1.72,$-1.70,0.0,$-0.11,0.0,$0.20B,$0.12B,1.67,$0.05B,$0.12B,0.39,$0.25B,$0.07B,26.32%,$0.25B,$-0.06B,-25.51%,$0.25B,$-0.06B,-25.51%,$0.25B,$-0.05B,-19.43%,$0.25B,$-0.07B,-26.72%,$0.25B,$-0.01B,-4.45%,$-0.01B,$0.12B,-10.14%,$-0.01B,$0.09B,-13.06%,$-0.01B,$0.31B,-3.41%,$-0.06B,$0.16B,-44.21%,$72,$54,$18,$12,$18,$89,$-17,$-2,$-19,$-0,$-19,$-19,$-14,$-13,$-17,$120,120,$-0.12,$-0.12,$72,$46,$0,$201,$70,$9,$24,$7,$112,$314,$120,$45,$25,$75,$196,$1078,$-967,$-20,$118,$314,$-61,$15,$13,$28,$3,$5,$0,$-23,$-9,$-42,$-25,$0,$0,$0,$-0,$-0,$94,$68,$-29,$0,$-29,$26,$26,$0,$-11,$-14,$17,$7,$0
4,2017-09-30,3.27,$1.04,3.15,$2.25,1.46,$-2.11,0.0,$-0.40,0.0,$0.19B,$0.12B,1.62,$0.03B,$0.14B,0.22,$0.24B,$0.06B,25.53%,$0.24B,$-0.07B,-28.51%,$0.24B,$-0.07B,-28.51%,$0.24B,$-0.05B,-22.13%,$0.24B,$-0.09B,-37.45%,$0.24B,$-0.04B,-17.87%,$-0.04B,$0.14B,-41.90%,$-0.04B,$0.11B,-55.26%,$-0.04B,$0.31B,-12.85%,$-0.07B,$0.17B,-51.24%,$56,$43,$14,$13,$16,$74,$-17,$2,$-16,$0,$-16,$-16,$-16,$-13,$-17,$110,110,$-0.14,$-0.14,$51,$57,$0,$187,$72,$15,$25,$10,$124,$311,$115,$30,$26,$60,$176,$1075,$-953,$-16,$135,$311,$-42,$11,$-11,$-0,$-3,$-2,$0,$-5,$-5,$-48,$-17,$0,$77,$0,$0,$0,$11,$71,$-48,$0,$-48,$26,$26,$0,$-11,$-33,$-9,$6,$0
5,2017-06-30,2.35,$0.96,2.44,$2.25,1.05,$-2.25,0.0,$-0.58,0.0,$0.23B,$0.17B,1.34,$0.03B,$0.11B,0.28,$0.24B,$0.06B,23.40%,$0.24B,$-0.09B,-39.57%,$0.24B,$-0.09B,-39.57%,$0.24B,$-0.08B,-32.77%,$0.24B,$-0.11B,-44.68%,$0.24B,$-0.06B,-24.68%,$-0.06B,$0.11B,-59.49%,$-0.06B,$0.08B,-80.28%,$-0.06B,$0.34B,-17.13%,$-0.09B,$0.14B,-73.96%,$59,$43,$15,$14,$16,$74,$-15,$-2,$-17,$-4,$-13,$-13,$32,$-12,$-15,$110,110,$0.29,$0.29,$88,$57,$0,$230,$58,$15,$25,$9,$110,$340,$172,$30,$26,$61,$233,$1048,$-937,$-32,$107,$340,$-26,$7,$-8,$-1,$-7,$-4,$0,$-3,$-6,$-33,$-13,$0,$77,$0,$0,$0,$6,$70,$-12,$0,$-12,$0,$0,$0,$0,$-12,$27,$4,$0
6,2017-03-31,0.96,$0.67,1.43,$2.10,0.46,$-2.34,0.0,$-0.80,0.0,$0.22B,$0.18B,1.19,$0.03B,$0.07B,0.42,$0.21B,$0.05B,22.54%,$0.21B,$-0.11B,-49.77%,$0.21B,$-0.11B,-49.77%,$0.21B,$-0.09B,-41.78%,$0.21B,$-0.08B,-39.44%,$0.21B,$-0.09B,-40.38%,$-0.09B,$0.07B,-77.65%,$-0.09B,$0.05B,-101.47%,$-0.09B,$0.33B,-24.31%,$-0.11B,$0.11B,-71.99%,$60,$43,$18,$12,$15,$74,$-14,$0,$-14,$-1,$-13,$-13,$-13,$-10,$-14,$110,110,$-0.11,$-0.11,$48,$53,$0,$216,$55,$11,$24,$17,$110,$325,$182,$31,$33,$69,$251,$1043,$-969,$-31,$74,$325,$-13,$4,$6,$9,$-2,$-1,$0,$-8,$-9,$-13,$-2,$0,$0,$0,$0,$0,$4,$2,$-2,$0,$-2,$0,$0,$0,$0,$-2,$-13,$1,$0
7,2016-12-31,1.13,$0.78,1.46,$1.93,0.59,$-2.59,0.0,$-1.05,0.0,$0.21B,$0.16B,1.34,$0.03B,$0.09B,0.36,$0.18B,$0.04B,20.34%,$0.18B,$-0.11B,-64.41%,$0.18B,$-0.11B,-64.41%,$0.18B,$-0.10B,-55.37%,$0.18B,$-0.10B,-53.67%,$0.18B,$-0.10B,-55.37%,$-0.10B,$0.09B,-93.78%,$-0.10B,$0.06B,-125.64%,$-0.10B,$0.33B,-30.18%,$-0.11B,$0.12B,-78.76%,$60,$47,$13,$15,$15,$81,$-21,$-21,$-41,$3,$-45,$-45,$-45,$-17,$-21,$91,91,$-0.44,$-0.43,$61,$53,$0,$214,$55,$13,$25,$15,$118,$331,$160,$31,$41,$86,$246,$1042,$-957,$-31,$85,$331,$-99,$15,$-3,$12,$-5,$31,$0,$4,$8,$-79,$-9,$0,$45,$0,$26,$26,$13,$76,$31,$0,$31,$0,$0,$0,$0,$31,$33,$10,$0
8,2016-09-30,1.61,$1.13,1.43,$1.65,0.98,$-2.73,0.0,$-0.97,0.0,$0.24B,$0.16B,1.49,$0.02B,$0.12B,0.17,$0.14B,$0.03B,18.31%,$0.14B,$-0.10B,-71.13%,$0.14B,$-0.10B,-71.13%,$0.14B,$-0.09B,-60.56%,$0.14B,$-0.08B,-55.63%,$0.14B,$-0.08B,-53.52%,$-0.08B,$0.12B,-75.06%,$-0.08B,$0.10B,-102.36%,$-0.08B,$0.36B,-25.72%,$-0.10B,$0.15B,-68.59%,$56,$47,$9,$14,$17,$99,$-43,$10,$-33,$0,$-34,$-34,$-32,$-38,$-43,$110,110,$-0.30,$-0.30,$59,$88,$0,$241,$66,$12,$28,$6,$117,$358,$162,$21,$43,$72,$234,$1041,$-916,$-32,$124,$358,$-55,$12,$-25,$-13,$-2,$14,$0,$9,$-7,$-74,$-6,$0,$45,$1,$21,$22,$11,$72,$30,$0,$30,$0,$0,$0,$0,$30,$31,$9,$0
9,2016-06-30,1.67,$1.46,1.14,$1.48,1.13,$-2.92,0.0,$-1.25,0.0,$0.27B,$0.14B,2.03,$0.06B,$0.16B,0.39,$0.11B,$0.02B,16.67%,$0.11B,$-0.11B,-97.22%,$0.11B,$-0.11B,-97.22%,$0.11B,$-0.09B,-85.19%,$0.11B,$-0.08B,-76.85%,$0.11B,$-0.08B,-75.00%,$-0.08B,$0.16B,-88.28%,$-0.08B,$0.13B,-124.62%,$-0.08B,$0.40B,-30.89%,$-0.11B,$0.22B,-72.16%,$37,$29,$8,$15,$18,$65,$-28,$31,$4,$0,$3,$3,$4,$-24,$-28,$79,96,$0.05,$0.04,$71,$98,$0,$274,$67,$19,$29,$5,$127,$401,$135,$63,$36,$105,$241,$1039,$-883,$-26,$160,$401,$-21,$7,$-20,$-13,$-2,$3,$0,$-6,$-13,$-47,$-3,$0,$45,$1,$6,$7,$6,$56,$33,$0,$33,$0,$0,$0,$0,$33,$43,$6,$0
10,2016-03-31,2.61,$0.76,3.43,$1.53,1.7,$-3.05,0.0,$-1.61,0.0,$0.11B,$0.08B,1.25,$0.05B,$0.05B,0.93,$0.10B,$0.02B,19.19%,$0.10B,$-0.10B,-97.98%,$0.10B,$-0.10B,-97.98%,$0.10B,$-0.08B,-84.85%,$0.10B,$-0.11B,-108.08%,$0.10B,$-0.11B,-106.06%,$-0.11B,$0.05B,-125.37%,$-0.11B,$0.02B,-181.03%,$-0.11B,$0.21B,-45.36%,$-0.10B,$0.10B,-71.99%,$24,$18,$6,$12,$14,$46,$-22,$-3,$-25,$-0,$-25,$-25,$-25,$-19,$-22,$64,64,$-0.38,$-0.38,$25,$36,$0,$105,$43,$30,$26,$3,$104,$209,$84,$46,$26,$76,$160,$938,$-887,$-31,$49,$209,$-25,$3,$6,$9,$-1,$-1,$0,$-3,$-8,$-23,$-1,$0,$0,$0,$0,$0,$4,$3,$16,$0,$16,$0,$0,$0,$0,$16,$-3,$4,$0
11,2015-12-31,2.01,$1.11,1.81,$1.60,1.26,$-3.03,0.0,$-1.52,0.0,$0.11B,$0.07B,1.44,$0.05B,$0.07B,0.76,$0.10B,$0.02B,17.48%,$0.10B,$-0.10B,-96.12%,$0.10B,$-0.10B,-96.12%,$0.10B,$-0.09B,-83.50%,$0.10B,$-0.10B,-96.12%,$0.10B,$-0.10B,-94.17%,$-0.10B,$0.07B,-90.23%,$-0.10B,$0.05B,-125.97%,$-0.10B,$0.21B,-38.49%,$-0.10B,$0.13B,-61.88%,$25,$23,$3,$14,$13,$33,$-8,$-17,$-25,$-1,$-24,$-23,$-23,$-5,$-8,$67,67,$-0.35,$-0.35,$28,$36,$0,$105,$43,$35,$25,$3,$108,$214,$73,$54,$10,$69,$142,$937,$-859,$-32,$72,$214,$-98,$14,$18,$14,$1,$-6,$0,$-6,$-2,$-69,$-5,$0,$1,$0,$0,$0,$20,$16,$-3,$0,$-3,$0,$0,$0,$0,$-3,$-66,$15,$0
12,2015-09-30,2.49,$0.00,0.0,$1.66,1.5,$-3.78,0.0,$-2.20,0.0,$0.12B,$0.07B,1.75,$0.05B,$0.09B,0.61,$0.11B,$0.02B,14.29%,$0.11B,$-0.13B,-121.90%,$0.11B,$-0.13B,-121.90%,$0.11B,$-0.11B,-107.62%,$0.11B,$-0.14B,-130.48%,$0.11B,$-0.14B,-132.38%,$-0.14B,$0.09B,-105.70%,$-0.14B,$0.06B,-146.70%,$-0.14B,$0.23B,-49.20%,$-0.13B,$0.14B,-69.19%,$22,$21,$1,$13,$14,$70,$-47,$10,$-37,$0,$-37,$-37,$-37,$-44,$-47,$64,64,$-0.58,$-0.58,$42,$33,$8,$120,$0,$28,$27,$3,$58,$225,$69,$53,$12,$70,$139,$936,$-840,$0,$86,$225,$-75,$10,$17,$28,$5,$-1,$0,$-5,$-7,$-55,$-4,$0,$-1,$0,$0,$0,$15,$10,$-3,$0,$-3,$0,$0,$0,$0,$-3,$-52,$11,$0
13,2015-06-30,4.74,$0.00,0.0,$1.71,2.78,$-4.27,0.0,$-2.02,0.0,$0.15B,$0.08B,1.91,$0.05B,$0.13B,0.41,$0.11B,$0.02B,20.37%,$0.11B,$-0.11B,-102.78%,$0.11B,$-0.11B,-102.78%,$0.11B,$-0.09B,-87.04%,$0.11B,$-0.13B,-116.67%,$0.11B,$-0.13B,-118.52%,$-0.13B,$0.13B,-75.63%,$-0.13B,$0.10B,-105.79%,$-0.13B,$0.28B,-39.45%,$-0.11B,$0.18B,-49.72%,$28,$19,$9,$13,$13,$47,$-20,$-0,$-20,$1,$-20,$-20,$-20,$-16,$-20,$64,64,$-0.32,$-0.32,$61,$38,$9,$151,$0,$30,$24,$25,$79,$278,$79,$52,$12,$71,$150,$936,$-803,$0,$128,$278,$-38,$7,$1,$8,$0,$0,$0,$-6,$-10,$-39,$-2,$0,$0,$0,$0,$0,$12,$10,$-0,$0,$-0,$0,$0,$0,$0,$-0,$-33,$8,$0
14,2015-03-31,3.94,$0.00,0.0,$1.91,2.07,$-4.54,0.0,$-2.26,0.0,$0.16B,$0.07B,2.15,$0.05B,$0.14B,0.36,$0.12B,$0.03B,22.50%,$0.12B,$-0.12B,-97.50%,$0.12B,$-0.12B,-97.50%,$0.12B,$-0.10B,-82.50%,$0.12B,$-0.14B,-117.50%,$0.12B,$-0.14B,-119.17%,$-0.14B,$0.14B,-69.93%,$-0.14B,$0.10B,-100.00%,$-0.14B,$0.29B,-39.04%,$-0.12B,$0.20B,-45.00%,$28,$23,$5,$13,$13,$52,$-24,$8,$-17,$0,$-17,$-17,$-17,$-21,$-24,$64,64,$-0.27,$-0.27,$71,$39,$9,$160,$0,$31,$45,$3,$79,$291,$74,$52,$13,$73,$147,$935,$-782,$0,$144,$291,$-17,$4,$-3,$1,$2,$-1,$0,$-2,$-6,$-23,$-1,$0,$0,$0,$0,$0,$7,$6,$-0,$0,$-0,$0,$0,$0,$0,$-0,$-23,$3,$0
15,2014-12-31,3.74,$2.65,1.41,$2.13,1.75,$-4.59,0.0,$-2.37,0.0,$0.19B,$0.09B,2.18,$0.06B,$0.17B,0.34,$0.13B,$0.03B,25.37%,$0.13B,$-0.12B,-92.54%,$0.13B,$-0.12B,-92.54%,$0.13B,$-0.11B,-78.36%,$0.13B,$-0.15B,-110.45%,$0.13B,$-0.15B,-111.94%,$-0.15B,$0.17B,-62.11%,$-0.15B,$0.12B,-87.34%,$-0.15B,$0.34B,-36.99%,$-0.12B,$0.23B,-43.24%,$27,$28,$-0,$19,$16,$65,$-37,$-22,$-63,$-0,$-63,$-65,$-65,$-32,$-37,$63,63,$-1.03,$-1.03,$94,$42,$8,$187,$113,$33,$51,$4,$202,$336,$86,$58,$15,$81,$168,$931,$-765,$-15,$168,$338,$-150,$19,$28,$19,$12,$-1,$0,$-11,$-6,$-107,$-10,$0,$0,$31,$0,$31,$0,$21,$8,$-10,$18,$0,$0,$0,$-2,$6,$-85,$10,$0
16,2014-09-30,10.51,$0.00,0.0,$2.53,4.15,$-5.00,0.0,$-2.76,0.0,$0.23B,$0.07B,3.07,$0.06B,$0.24B,0.23,$0.16B,$0.02B,10.63%,$0.16B,$-0.18B,-114.38%,$0.16B,$-0.18B,-114.38%,$0.16B,$-0.16B,-102.50%,$0.16B,$-0.17B,-108.75%,$0.16B,$-0.18B,-109.38%,$-0.18B,$0.24B,-62.44%,$-0.18B,$0.16B,-86.10%,$-0.18B,$0.39B,-39.37%,$-0.18B,$0.29B,-58.23%,$25,$17,$8,$18,$16,$55,$-30,$4,$-26,$-1,$-25,$-26,$-26,$-25,$-30,$64,64,$-0.40,$-0.40,$130,$42,$12,$229,$0,$24,$72,$6,$103,$393,$74,$55,$18,$81,$156,$927,$-700,$0,$237,$393,$-85,$14,$0,$14,$0,$0,$0,$0,$-17,$-83,$-6,$0,$3,$0,$0,$30,$0,$26,$0,$0,$12,$0,$0,$0,$-2,$10,$-49,$0,$0
17,2014-06-30,18.02,$0.00,0.0,$2.95,6.1,$-5.72,0.0,$-2.89,0.0,$0.27B,$0.09B,3.16,$0.06B,$0.27B,0.22,$0.18B,$0.03B,13.74%,$0.18B,$-0.18B,-101.10%,$0.18B,$-0.18B,-101.10%,$0.18B,$-0.17B,-91.21%,$0.18B,$-0.18B,-97.80%,$0.18B,$-0.18B,-98.35%,$-0.18B,$0.27B,-61.88%,$-0.18B,$0.19B,-89.28%,$-0.18B,$0.45B,-39.67%,$-0.18B,$0.33B,-56.92%,$40,$26,$14,$19,$16,$66,$-26,$-9,$-35,$0,$-35,$-35,$-35,$-21,$-26,$63,63,$-0.56,$-0.56,$169,$38,$11,$274,$0,$23,$77,$6,$106,$445,$87,$58,$22,$89,$176,$926,$-675,$0,$269,$445,$-59,$9,$0,$9,$0,$0,$0,$0,$-10,$-52,$-5,$0,$0,$0,$0,$10,$3,$7,$0,$18,$-2,$0,$0,$0,$-2,$14,$-31,$0,$0
18,2014-03-31,14.48,$0.00,0.0,$2.95,4.91,$-6.26,0.0,$-2.94,0.0,$0.28B,$0.12B,2.43,$0.01B,$0.29B,0.04,$0.18B,$0.02B,10.73%,$0.18B,$-0.20B,-111.86%,$0.18B,$-0.20B,-111.86%,$0.18B,$-0.18B,-102.82%,$0.18B,$-0.18B,-100.00%,$0.18B,$-0.18B,-100.56%,$-0.18B,$0.29B,-60.44%,$-0.18B,$0.21B,-90.47%,$-0.18B,$0.45B,-39.36%,$-0.20B,$0.30B,-60.74%,$42,$30,$12,$21,$18,$73,$-31,$7,$-24,$0,$-24,$-24,$-24,$-27,$-31,$63,63,$-0.38,$-0.38,$184,$37,$10,$279,$0,$21,$78,$3,$103,$448,$115,$11,$21,$41,$156,$920,$-639,$0,$292,$448,$-24,$4,$0,$4,$0,$0,$0,$0,$-1,$-23,$-3,$0,$3,$0,$0,$2,$0,$1,$0,$0,$-1,$0,$0,$0,$0,$-1,$-24,$0,$0
19,2013-12-31,19.61,$0.00,0.0,$2.82,6.95,$-6.60,0.0,$-3.13,0.0,$0.32B,$0.13B,2.56,$0.01B,$0.32B,0.04,$0.17B,$0.02B,9.09%,$0.17B,$-0.20B,-122.42%,$0.17B,$-0.20B,-122.42%,$0.17B,$-0.19B,-112.73%,$0.17B,$-0.19B,-112.12%,$0.17B,$-0.19B,-112.73%,$-0.19B,$0.32B,-62.73%,$-0.19B,$0.24B,-94.90%,$-0.19B,$0.49B,-41.22%,$-0.20B,$0.34B,-59.81%,$53,$70,$-17,$23,$16,$148,$-96,$6,$-89,$0,$-89,$-90,$-90,$-91,$-96,$63,63,$-1.42,$-1.42,$211,$41,$9,$320,$0,$22,$80,$2,$105,$492,$125,$13,$21,$44,$169,$916,$-615,$0,$323,$492,$-185,$16,$33,$16,$-12,$5,$0,$28,$19,$-117,$-26,$0,$1,$-6,$0,$-6,$8,$-23,$-14,$-4,$-10,$1,$153,$0,$-5,$134,$-10,$14,$0
20,2013-09-30,24.19,$0.00,0.0,$3.49,6.94,$-6.42,0.0,$-2.39,0.0,$0.20B,$0.08B,2.62,$0.05B,$0.27B,0.2,$0.20B,$0.19B,98.97%,$0.20B,$0.02B,9.74%,$0.20B,$0.02B,9.74%,$0.20B,$0.03B,17.44%,$0.20B,$-0.16B,-79.49%,$0.20B,$-0.13B,-68.72%,$-0.13B,$0.27B,-44.70%,$-0.13B,$0.15B,-68.28%,$-0.13B,$0.42B,-29.73%,$0.02B,$0.33B,5.42%,$47,$30,$16,$23,$19,$78,$-31,$1,$-30,$0,$-30,$-30,$-30,$-27,$-31,$57,57,$-0.53,$-0.53,$89,$53,$12,$202,$0,$24,$120,$3,$147,$420,$77,$54,$3,$70,$147,$768,$-526,$0,$273,$420,$-96,$12,$0,$12,$0,$0,$0,$0,$-12,$-99,$-22,$0,$1,$0,$0,$26,$6,$11,$0,$0,$-10,$0,$1,$0,$-2,$-11,$-100,$0,$0
21,2013-06-30,33.53,$0.00,0.0,$4.05,8.28,$-5.13,0.0,$-2.45,0.0,$0.25B,$0.09B,2.62,$0.05B,$0.29B,0.17,$0.22B,$0.20B,88.39%,$0.22B,$0.03B,12.95%,$0.22B,$0.03B,12.95%,$0.22B,$0.04B,19.20%,$0.22B,$-0.15B,-68.75%,$0.22B,$-0.14B,-61.16%,$-0.14B,$0.29B,-41.33%,$-0.14B,$0.18B,-58.24%,$-0.14B,$0.45B,-27.76%,$0.03B,$0.34B,7.58%,$35,$27,$8,$24,$21,$75,$-40,$7,$-34,$0,$-34,$-34,$-34,$-37,$-40,$56,56,$-0.61,$-0.61,$135,$53,$12,$245,$0,$24,$113,$2,$139,$449,$94,$48,$5,$66,$160,$762,$-496,$0,$290,$449,$-66,$7,$0,$7,$0,$0,$0,$0,$-2,$-65,$-15,$0,$0,$0,$0,$26,$3,$14,$0,$0,$-2,$0,$0,$0,$0,$-1,$-54,$0,$0
22,2013-03-31,29.52,$0.00,0.0,$5.35,5.51,$-4.33,0.0,$-1.95,0.0,$0.27B,$0.08B,3.39,$0.05B,$0.30B,0.16,$0.30B,$0.23B,78.31%,$0.30B,$0.07B,22.71%,$0.30B,$0.07B,22.71%,$0.30B,$0.08B,27.46%,$0.30B,$-0.12B,-39.66%,$0.30B,$-0.11B,-36.95%,$-0.11B,$0.30B,-30.03%,$-0.11B,$0.21B,-40.04%,$-0.11B,$0.44B,-20.44%,$0.07B,$0.35B,16.07%,$30,$22,$8,$20,$19,$65,$-35,$4,$-32,$0,$-32,$-32,$-32,$-31,$-35,$55,55,$-0.57,$-0.57,$174,$48,$11,$271,$0,$20,$89,$2,$111,$444,$80,$49,$4,$64,$144,$735,$-462,$0,$300,$444,$-32,$4,$0,$4,$0,$0,$0,$0,$-4,$-33,$-8,$0,$0,$0,$0,$19,$1,$12,$0,$0,$-2,$0,$0,$0,$0,$-2,$-23,$0,$0
23,2012-12-31,26.71,$0.00,0.0,$6.54,4.09,$-3.90,0.0,$-1.82,0.0,$0.32B,$0.08B,3.96,$0.05B,$0.34B,0.16,$0.35B,$0.25B,70.90%,$0.35B,$0.09B,25.71%,$0.35B,$0.09B,25.71%,$0.35B,$0.10B,29.38%,$0.35B,$-0.10B,-27.40%,$0.35B,$-0.10B,-28.25%,$-0.10B,$0.34B,-25.35%,$-0.10B,$0.24B,-33.11%,$-0.10B,$0.49B,-17.30%,$0.09B,$0.39B,20.12%,$83,$-78,$161,$16,$16,$-43,$125,$13,$-59,$-10,$-50,$-38,$-38,$129,$125,$55,55,$-0.68,$-0.68,$216,$45,$14,$319,$0,$19,$92,$2,$113,$490,$80,$52,$7,$74,$154,$733,$-430,$0,$336,$490,$-99,$11,$0,$11,$0,$0,$0,$0,$3,$-86,$-30,$0,$-1,$0,$0,$-39,$22,$-49,$0,$1,$-7,$0,$275,$0,$-8,$261,$126,$0,$0
24,2012-09-30,27.84,$0.00,0.0,$7.12,3.91,$-1.80,0.0,$-1.44,0.0,$0.43B,$0.10B,4.42,$0.05B,$0.40B,0.13,$0.37B,$0.19B,51.34%,$0.37B,$0.07B,18.01%,$0.37B,$0.07B,18.01%,$0.37B,$0.08B,20.43%,$0.37B,$0.06B,16.94%,$0.37B,$-0.08B,-20.70%,$-0.08B,$0.40B,-24.80%,$-0.08B,$0.31B,-31.95%,$-0.08B,$0.59B,-16.90%,$0.07B,$0.45B,18.86%,$76,$55,$21,$20,$19,$97,$-21,$-8,$-29,$-0,$-29,$-33,$-33,$-18,$-21,$55,55,$-0.59,$-0.59,$295,$48,$41,$427,$0,$11,$91,$1,$112,$591,$97,$53,$23,$94,$190,$733,$-392,$0,$400,$591,$-49,$8,$0,$8,$0,$0,$0,$0,$11,$-25,$-21,$0,$-1,$0,$0,$-21,$-1,$-44,$0,$1,$-7,$0,$274,$0,$-8,$261,$188,$0,$0
25,2012-06-30,36.75,$0.00,0.0,$7.42,4.95,$-1.85,0.0,$-1.12,0.0,$0.45B,$0.09B,4.82,$0.06B,$0.42B,0.15,$0.38B,$0.20B,51.99%,$0.38B,$0.08B,22.02%,$0.38B,$0.08B,22.02%,$0.38B,$0.09B,24.14%,$0.38B,$0.09B,23.61%,$0.38B,$-0.06B,-15.12%,$-0.06B,$0.42B,-22.14%,$-0.06B,$0.33B,-30.36%,$-0.06B,$0.61B,-14.30%,$0.08B,$0.48B,27.19%,$106,$66,$41,$21,$19,$108,$-2,$5,$3,$5,$-2,$-6,$-6,$1,$-2,$55,55,$-0.11,$-0.11,$307,$46,$52,$453,$0,$10,$90,$1,$110,$608,$94,$61,$21,$99,$193,$729,$-360,$0,$416,$608,$-20,$5,$0,$5,$0,$0,$0,$0,$-9,$-22,$-14,$0,$0,$0,$0,$-80,$-1,$-95,$0,$1,$-6,$0,$274,$0,$-8,$261,$143,$0,$0
26,2012-03-31,40.92,$0.00,0.0,$6.44,6.36,$-1.58,0.0,$-1.39,0.0,$0.47B,$0.10B,4.63,$0.07B,$0.43B,0.15,$0.32B,$0.17B,53.80%,$0.32B,$0.07B,23.42%,$0.32B,$0.07B,23.42%,$0.32B,$0.08B,24.37%,$0.32B,$0.08B,23.73%,$0.32B,$-0.07B,-21.84%,$-0.07B,$0.43B,-34.59%,$-0.07B,$0.33B,-46.39%,$-0.07B,$0.62B,-22.06%,$0.07B,$0.49B,31.52%,$89,$60,$28,$16,$21,$99,$-11,$-1,$-12,$6,$-18,$-23,$-23,$-8,$-11,$51,51,$-0.44,$-0.44,$333,$43,$39,$466,$0,$9,$95,$1,$113,$623,$101,$65,$17,$96,$197,$728,$-354,$0,$426,$623,$-18,$3,$0,$3,$0,$0,$0,$0,$6,$-8,$-9,$0,$-1,$0,$0,$-72,$-1,$-83,$0,$4,$-4,$0,$274,$0,$-8,$266,$175,$0,$0
27,2011-12-31,33.24,$0.00,0.0,$5.53,6.01,$-1.86,0.0,$-1.26,0.0,$0.00B,$0.00B,0.0,$0.00B,$0.00B,0.0,$0.27B,$0.16B,60.38%,$0.27B,$0.08B,28.30%,$0.27B,$0.08B,28.30%,$0.27B,$0.08B,29.81%,$0.27B,$0.08B,29.06%,$0.27B,$-0.06B,-22.64%,$-0.06B,$0.00B,-42.25%,$-0.06B,$0.00B,-53.81%,$-0.06B,$0.00B,-26.64%,$0.08B,$0.00B,45.87%,$101,$0,$101,$0,$0,$0,$101,$0,$101,$0,$101,$-15,$-15,$101,$101,$48,48,$-0.30,$-0.30,$0,$0,$0,$0,$0,$0,$0,$0,$0,$0,$0,$0,$0,$0,$0,$0,$0,$0,$0,$0,$0,$0,$0,$0,$0,$0,$0,$0,$0,$0,$0,$0,$0,$0,$0,$0,$0,$0,$0,$0,$0,$0,$0,$0,$0,$0,$0,$0,$0
28,2011-09-30,28.93,$0.00,0.0,$4.36,6.63,$-2.32,0.0,$-1.27,0.0,$0.22B,$0.08B,2.7,$0.07B,$0.19B,0.35,$0.20B,$0.07B,35.29%,$0.20B,$-0.03B,-16.67%,$0.20B,$-0.03B,-16.67%,$0.20B,$-0.03B,-14.22%,$0.20B,$-0.03B,-16.67%,$0.20B,$-0.06B,-28.92%,$-0.06B,$0.19B,-30.65%,$-0.06B,$0.10B,-37.28%,$-0.06B,$0.36B,-20.10%,$-0.03B,$0.25B,-15.70%,$81,$55,$26,$14,$15,$86,$-5,$2,$-3,$5,$-8,$-13,$-13,$-3,$-5,$48,48,$-0.27,$-0.27,$106,$0,$70,$223,$0,$7,$92,$12,$110,$363,$82,$66,$19,$93,$175,$462,$-317,$0,$188,$363,$-24,$4,$0,$4,$0,$0,$0,$0,$-19,$-38,$-5,$0,$-7,$0,$0,$11,$-6,$-7,$0,$31,$-52,$0,$1,$0,$-1,$-21,$-62,$0,$0
29,2011-06-30,24.02,$0.00,0.0,$3.81,6.3,$-1.72,0.0,$-1.16,0.0,$0.23B,$0.06B,3.91,$0.01B,$0.18B,0.06,$0.17B,$0.06B,38.10%,$0.17B,$-0.03B,-17.26%,$0.17B,$-0.03B,-17.26%,$0.17B,$-0.03B,-14.88%,$0.17B,$-0.03B,-18.45%,$0.17B,$-0.05B,-30.95%,$-0.05B,$0.18B,-30.50%,$-0.05B,$0.17B,-33.44%,$-0.05B,$0.27B,-21.22%,$-0.03B,$0.19B,-16.07%,$45,$30,$15,$11,$14,$56,$-11,$-1,$-11,$4,$-15,$-18,$-18,$-13,$-11,$47,47,$-0.38,$-0.38,$162,$19,$26,$225,$0,$6,$15,$5,$26,$265,$58,$10,$7,$24,$82,$433,$-303,$0,$184,$265,$-15,$1,$0,$1,$0,$0,$0,$0,$-4,$-16,$-2,$0,$0,$0,$0,$8,$-2,$5,$0,$-0,$-0,$0,$1,$0,$0,$1,$-10,$0,$0
30,2011-03-31,21.98,$0.00,0.0,$3.51,6.26,$-1.55,0.0,$-0.99,0.0,$0.24B,$0.05B,4.34,$0.01B,$0.20B,0.05,$0.15B,$0.06B,39.19%,$0.15B,$-0.02B,-15.54%,$0.15B,$-0.02B,-15.54%,$0.15B,$-0.02B,-12.16%,$0.15B,$-0.03B,-16.89%,$0.15B,$-0.04B,-28.38%,$-0.04B,$0.20B,-28.92%,$-0.04B,$0.18B,-31.34%,$-0.04B,$0.27B,-19.53%,$-0.02B,$0.21B,-14.74%,$38,$21,$18,$10,$16,$48,$-10,$-0,$-10,$2,$-12,$-14,$-14,$-6,$-10,$47,47,$-0.31,$-0.31,$180,$17,$22,$235,$0,$6,$15,$5,$26,$273,$54,$10,$13,$23,$77,$431,$-285,$0,$196,$273,$-34,$4,$0,$4,$0,$0,$0,$0,$0,$-24,$-4,$0,$0,$0,$0,$3,$-20,$-20,$0,$-0,$0,$0,$128,$0,$-9,$119,$78,$0,$0
31,2010-12-31,18.52,$0.00,0.0,$3.63,5.11,$-1.50,0.0,$-1.00,0.0,$0.24B,$0.05B,5.05,$0.01B,$0.20B,0.05,$0.15B,$0.05B,36.30%,$0.15B,$-0.02B,-11.64%,$0.15B,$-0.02B,-11.64%,$0.15B,$-0.01B,-9.59%,$0.15B,$-0.02B,-14.38%,$0.15B,$-0.04B,-27.40%,$-0.04B,$0.20B,-34.56%,$-0.04B,$0.19B,-36.95%,$-0.04B,$0.27B,-21.92%,$-0.02B,$0.21B,-13.39%,$40,$27,$13,$10,$10,$48,$-8,$-1,$-10,$2,$-12,$-14,$-14,$-7,$-8,$43,43,$-0.31,$-0.31,$186,$15,$21,$236,$0,$5,$15,$6,$26,$273,$47,$9,$15,$24,$71,$430,$-270,$0,$202,$273,$-22,$3,$0,$3,$0,$0,$0,$0,$5,$-17,$-3,$0,$-13,$0,$0,$-10,$0,$-26,$0,$-3,$-0,$0,$134,$-6,$-6,$119,$74,$0,$0
32,2010-09-30,17.6,$0.00,0.0,$3.85,4.57,$-1.60,0.0,$-0.90,0.0,$0.14B,$0.05B,3.01,$0.01B,$0.10B,0.1,$0.14B,$0.06B,38.89%,$0.14B,$-0.01B,-4.86%,$0.14B,$-0.01B,-4.86%,$0.14B,$-0.00B,-2.78%,$0.14B,$-0.01B,-8.33%,$0.14B,$-0.03B,-22.92%,$-0.03B,$0.10B,-37.50%,$-0.03B,$0.09B,-39.29%,$-0.03B,$0.17B,-21.64%,$-0.01B,$0.11B,-7.04%,$45,$27,$18,$8,$9,$45,$0,$-0,$-0,$3,$-4,$-6,$-6,$1,$0,$40,40,$-0.16,$-0.16,$80,$14,$24,$135,$0,$5,$15,$5,$24,$169,$45,$10,$15,$25,$69,$314,$-257,$0,$100,$169,$-10,$1,$0,$1,$0,$0,$0,$0,$-3,$-10,$-1,$0,$0,$0,$0,$4,$-3,$-1,$0,$-3,$-0,$0,$12,$0,$0,$9,$-2,$0,$0
33,2010-06-30,15.69,$0.00,0.0,$3.65,4.3,$-1.79,0.0,$-1.00,0.0,$0.14B,$0.02B,6.57,$0.01B,$0.08B,0.15,$0.13B,$0.05B,36.43%,$0.13B,$-0.01B,-8.53%,$0.13B,$-0.01B,-8.53%,$0.13B,$-0.01B,-6.98%,$0.13B,$-0.02B,-13.95%,$0.13B,$-0.04B,-27.91%,$-0.04B,$0.08B,-49.15%,$-0.04B,$0.08B,-49.48%,$-0.04B,$0.15B,-26.62%,$-0.01B,$0.10B,-12.94%,$25,$17,$9,$7,$6,$30,$-5,$-0,$-5,$2,$-7,$-8,$-8,$-6,$-5,$39,39,$-0.21,$-0.21,$98,$7,$21,$135,$0,$0,$0,$4,$4,$145,$20,$13,$29,$41,$62,$309,$-250,$0,$83,$145,$-8,$0,$0,$0,$0,$0,$0,$0,$-2,$-8,$-1,$0,$0,$0,$0,$14,$-1,$12,$0,$-3,$-0,$0,$11,$0,$0,$7,$9,$0,$0
34,2010-03-31,16.49,$0.00,0.0,$3.67,4.49,$-1.96,0.0,$-1.04,0.0,$0.13B,$0.03B,4.78,$0.01B,$0.08B,0.15,$0.13B,$0.04B,35.20%,$0.13B,$-0.01B,-9.60%,$0.13B,$-0.01B,-9.60%,$0.13B,$-0.01B,-8.00%,$0.13B,$-0.02B,-16.00%,$0.13B,$-0.04B,-28.80%,$-0.04B,$0.08B,-56.47%,$-0.04B,$0.08B,-57.14%,$-0.04B,$0.14B,-28.92%,$-0.01B,$0.09B,-16.05%,$36,$23,$13,$8,$9,$40,$-4,$1,$-6,$3,$-9,$-12,$-12,$-2,$-4,$38,38,$-0.32,$-0.32,$97,$8,$18,$134,$0,$0,$0,$4,$4,$143,$28,$12,$26,$37,$65,$346,$-284,$0,$78,$143,$-35,$2,$0,$2,$0,$0,$0,$0,$3,$-20,$-0,$0,$0,$0,$0,$12,$-4,$7,$0,$-2,$-0,$0,$58,$0,$-7,$49,$30,$0,$0
35,2009-12-31,11.58,$0.00,0.0,$3.53,3.28,$-1.88,0.0,$-1.10,0.0,$0.14B,$0.03B,5.3,$0.01B,$0.09B,0.13,$0.11B,$0.05B,48.21%,$0.11B,$0.02B,13.39%,$0.11B,$0.02B,13.39%,$0.11B,$0.02B,15.18%,$0.11B,$0.01B,8.04%,$0.11B,$-0.04B,-31.25%,$-0.04B,$0.09B,-60.34%,$-0.04B,$0.09B,-61.14%,$-0.04B,$0.15B,-29.35%,$0.02B,$0.10B,21.90%,$38,$22,$16,$6,$8,$36,$2,$-1,$-1,$3,$-4,$-7,$-7,$3,$2,$34,34,$-0.21,$-0.21,$101,$11,$17,$140,$0,$2,$0,$4,$7,$153,$26,$12,$19,$36,$63,$354,$-281,$0,$91,$153,$-24,$1,$0,$1,$0,$0,$0,$0,$-4,$-19,$-0,$0,$0,$0,$0,$11,$-2,$9,$0,$-2,$-0,$0,$58,$-4,$-3,$49,$34,$0,$0
36,2009-09-30,12.7,$0.00,0.0,$3.20,3.97,$-1.53,0.0,$-1.12,0.0,$0.09B,$0.02B,3.83,$0.01B,$0.04B,0.27,$0.10B,$0.04B,43.00%,$0.10B,$0.01B,6.00%,$0.10B,$0.01B,6.00%,$0.10B,$0.01B,7.00%,$0.10B,$0.00B,3.00%,$0.10B,$-0.04B,-35.00%,$-0.04B,$0.04B,-69.65%,$-0.04B,$0.04B,-70.35%,$-0.04B,$0.10B,-31.89%,$0.01B,$0.05B,9.96%,$30,$22,$9,$6,$6,$34,$-4,$-1,$-6,$1,$-7,$-9,$-9,$-4,$-4,$32,32,$-0.26,$-0.26,$52,$12,$16,$87,$0,$2,$0,$4,$7,$100,$23,$11,$21,$37,$59,$288,$-264,$0,$41,$100,$-17,$1,$0,$1,$0,$0,$0,$0,$-2,$-15,$-0,$0,$0,$0,$0,$13,$-2,$11,$0,$-2,$-0,$0,$1,$0,$0,$-1,$-10,$0,$0
37,2009-06-30,8.09,$0.00,0.0,$3.48,2.33,$-1.15,0.0,$-0.84,0.0,$0.09B,$0.02B,3.87,$0.01B,$0.05B,0.22,$0.11B,$0.04B,39.81%,$0.11B,$0.01B,4.63%,$0.11B,$0.01B,4.63%,$0.11B,$0.01B,5.56%,$0.11B,$0.01B,12.04%,$0.11B,$-0.03B,-23.15%,$-0.03B,$0.05B,-42.92%,$-0.03B,$0.04B,-43.10%,$-0.03B,$0.10B,-20.79%,$0.01B,$0.06B,7.33%,$21,$16,$6,$6,$5,$28,$-6,$-1,$-7,$1,$-7,$-8,$-8,$-7,$-6,$32,32,$-0.25,$-0.25,$55,$12,$15,$90,$0,$2,$0,$4,$6,$102,$23,$10,$20,$35,$58,$268,$-241,$0,$45,$102,$-8,$1,$0,$1,$0,$0,$0,$0,$-6,$-12,$-0,$0,$0,$0,$0,$11,$-2,$9,$0,$-0,$-0,$0,$0,$0,$0,$-0,$-5,$0,$0
