,Date,Stock Price,Book Value per Share,Price to Book Ratio,TTM Sales per Share,Price to Sales Ratio,TTM FCF per Share,Price to FCF Ratio,TTM Net EPS,PE Ratio,Current Assets,Current Liabilities,Current Ratio,Long Term Debt,Shareholder's Equity_x,Debt to Equity Ratio,TTM Revenue_x,TTM Gross Profit,Gross Margin,TTM Revenue_y,TTM Operating Income,Operating Margin,TTM Revenue_x,TTM EBIT,EBIT Margin,TTM Revenue_y,TTM EBITDA,EBITDA Margin,TTM Revenue_x,TTM Pre-Tax Income,Pre-Tax Margin,TTM Revenue_y,TTM Net Income_x,Net Margin,TTM Net Income_y,Shareholder's Equity_y,Return on Equity,TTM Net Income_x,Tangible Equity,Return on Tangible Equity,TTM Net Income_y,Total Assets,Return on Assets,TTM Net Income,LT Investments & Debt,Return on Investment,revenue,cost-goods-sold,gross-profit,research-development-expenses,selling-general-administrative-expenses,operating-expenses,operating-income,total-non-operating-income-expense,pre-tax-income,total-provision-income-taxes,income-after-taxes,income-from-continuous-operations,net-income,ebitda,ebit,basic-shares-outstanding,shares-outstanding,eps-basic-net-earnings-per-share,eps-earnings-per-share-diluted,cash-on-hand,inventory,other-current-assets,total-current-assets,net-property-plant-equipment,long-term-investments,goodwill-intangible-assets-total,other-long-term-assets,total-long-term-assets,total-assets,total-current-liabilities,long-term-debt,other-non-current-liabilities,total-long-term-liabilities,total-liabilities,common-stock-net,retained-earnings-accumulated-deficit,comprehensive-income,total-share-holder-equity,total-liabilities-share-holders-equity,net-income-loss,total-depreciation-amortization-cash-flow,other-non-cash-items,total-non-cash-items,change-in-accounts-receivable,change-in-inventories,change-in-accounts-payable,change-in-assets-liabilities,total-change-in-assets-liabilities,cash-flow-from-operating-activities,net-change-in-property-plant-equipment,net-change-in-intangible-assets,net-acquisitions-divestitures,net-change-in-short-term-investments,net-change-in-long-term-investments,net-change-in-investments-total,investing-activities-other,cash-flow-from-investing-activities,net-long-term-debt,net-current-debt,debt-issuance-retirement-net-total,net-common-equity-issued-repurchased,net-total-equity-issued-repurchased,total-common-preferred-stock-dividends-paid,financial-activities-other,cash-flow-from-financial-activities,net-cash-flow,stock-based-compensation,common-stock-dividends-paid
0,2018-09-30,20.12,$9.37,2.15,$4.31,4.67,$2.06,9.79,$-0.63,0.0,$0.58B,$1.13B,0.51,$2.24B,$3.94B,0.57,$1.73B,$1.31B,75.78%,$1.73B,$-0.17B,-9.57%,$1.73B,$-0.17B,-9.57%,$1.73B,$0.77B,44.46%,$1.73B,$-0.41B,-23.64%,$1.73B,$-0.25B,-14.59%,$-0.25B,$3.94B,-6.32%,$-0.25B,$3.94B,-6.32%,$-0.25B,$7.92B,-3.16%,$-0.17B,$6.18B,-2.60%,$484,$94,$390,$0,$152,$458,$26,$-40,$-14,$-8,$-6,$-6,$-7,$228,$26,$414,414,$-0.01,$-0.01,$36,$49,$125,$578,$7152,$139,$0,$49,$7340,$7918,$1131,$2243,$572,$2848,$3979,$4,$-3791,$0,$3939,$7918,$-203,$585,$334,$919,$-61,$-15,$71,$-11,$-64,$652,$-331,$0,$0,$0,$-72,$-72,$0,$-403,$-404,$0,$-404,$9,$9,$-11,$6,$-400,$-151,$0,$0
1,2018-06-30,18.03,$9.83,1.83,$3.51,5.14,$-0.21,0.0,$-0.99,0.0,$0.63B,$1.07B,0.59,$2.15B,$3.70B,0.58,$1.40B,$1.02B,73.05%,$1.40B,$-0.20B,-14.48%,$1.40B,$-0.20B,-14.48%,$1.40B,$0.71B,50.82%,$1.40B,$-0.47B,-33.62%,$1.40B,$-0.40B,-28.32%,$-0.40B,$3.94B,-9.74%,$-0.40B,$3.94B,-9.74%,$-0.40B,$7.77B,-4.91%,$-0.20B,$6.09B,-3.06%,$430,$79,$351,$0,$139,$433,$-3,$-109,$-112,$-33,$-79,$-79,$-85,$204,$-3,$400,400,$-0.21,$-0.21,$103,$40,$162,$628,$6974,$92,$0,$76,$7142,$7770,$1074,$2154,$565,$2761,$3835,$4,$-3784,$0,$3935,$7770,$-196,$383,$274,$657,$-16,$-11,$73,$-20,$-33,$428,$26,$0,$0,$0,$-23,$-23,$0,$3,$-492,$0,$-492,$5,$5,$-8,$-21,$-516,$-85,$0,$0
2,2018-03-31,14.78,$10.02,1.47,$3.26,4.54,$-2.20,0.0,$-0.60,0.0,$1.16B,$0.93B,1.26,$2.58B,$3.77B,0.68,$1.32B,$0.97B,73.84%,$1.32B,$-0.12B,-9.43%,$1.32B,$-0.12B,-9.43%,$1.32B,$0.76B,57.87%,$1.32B,$-0.33B,-24.94%,$1.32B,$-0.24B,-18.10%,$-0.24B,$4.01B,-5.74%,$-0.24B,$4.01B,-5.74%,$-0.24B,$8.13B,-2.94%,$-0.12B,$6.58B,-1.82%,$374,$73,$301,$0,$112,$368,$6,$-47,$-41,$-15,$-26,$-26,$-119,$182,$6,$399,399,$-0.30,$-0.30,$681,$31,$112,$1161,$6816,$85,$0,$65,$6966,$8127,$925,$2576,$546,$3196,$4121,$4,$-3703,$0,$4006,$8127,$-115,$176,$142,$318,$-21,$-8,$28,$-9,$-58,$145,$378,$0,$0,$0,$-16,$-16,$0,$362,$0,$0,$0,$1,$1,$-4,$-11,$-14,$493,$0,$0
3,2017-12-31,14.07,$10.36,1.36,$3.28,4.29,$-4.02,0.0,$-0.08,0.0,$1.40B,$0.85B,1.66,$2.58B,$3.90B,0.66,$1.34B,$1.02B,76.65%,$1.34B,$0.04B,3.22%,$1.34B,$0.04B,3.22%,$1.34B,$0.91B,67.81%,$1.34B,$-0.16B,-11.90%,$1.34B,$-0.03B,-2.32%,$-0.03B,$4.13B,-0.74%,$-0.03B,$4.13B,-0.74%,$-0.03B,$8.21B,-0.39%,$0.04B,$6.70B,0.63%,$446,$174,$272,$0,$110,$641,$-195,$-48,$-243,$-188,$-55,$-55,$-42,$157,$-195,$395,395,$-0.11,$-0.09,$189,$30,$875,$1401,$6691,$70,$0,$45,$6806,$8207,$846,$2575,$542,$3234,$4080,$4,$-3588,$0,$4127,$8207,$-16,$863,$-286,$577,$-153,$-8,$158,$-32,$-54,$507,$-968,$0,$-799,$0,$330,$330,$-1,$-1438,$-17,$0,$-17,$672,$672,$-15,$-16,$624,$-307,$0,$0
4,2017-09-30,11.5,$10.45,1.1,$2.43,4.72,$-0.24,0.0,$-0.48,0.0,$0.65B,$0.64B,1.02,$2.86B,$3.93B,0.73,$0.98B,$0.78B,79.65%,$0.98B,$0.02B,1.74%,$0.98B,$0.02B,1.74%,$0.98B,$0.73B,74.85%,$0.98B,$-0.19B,-18.92%,$0.98B,$-0.16B,-16.77%,$-0.16B,$4.16B,-4.06%,$-0.16B,$4.16B,-4.06%,$-0.16B,$8.10B,-2.10%,$0.02B,$7.02B,0.25%,$145,$50,$95,$0,$63,$155,$-10,$-63,$-73,$305,$-378,$-378,$-149,$166,$-10,$398,398,$-0.38,$-0.38,$10,$42,$328,$648,$7384,$0,$0,$63,$7447,$8095,$637,$2859,$161,$3296,$3933,$4,$-3550,$0,$4162,$8095,$22,$511,$-167,$344,$-112,$-6,$91,$-37,$-138,$228,$-821,$0,$-798,$0,$-7,$-7,$0,$-1626,$268,$0,$268,$671,$671,$-11,$-14,$914,$-484,$0,$0
5,2017-06-30,9.66,$10.81,0.89,$2.81,3.44,$3.63,2.66,$-0.83,0.0,$0.39B,$0.62B,0.64,$2.60B,$4.07B,0.64,$1.08B,$0.88B,80.81%,$1.08B,$-0.27B,-25.28%,$1.08B,$-0.27B,-25.28%,$1.08B,$0.43B,39.21%,$1.08B,$-0.46B,-42.62%,$1.08B,$-0.26B,-23.99%,$-0.26B,$4.30B,-6.66%,$-0.26B,$4.30B,-6.66%,$-0.26B,$7.96B,-3.40%,$-0.27B,$6.91B,-4.22%,$350,$47,$303,$0,$71,$275,$75,$-46,$29,$-298,$327,$327,$72,$256,$75,$398,423,$0.18,$0.17,$8,$41,$139,$393,$7485,$0,$0,$84,$7569,$7962,$619,$2601,$212,$3039,$3658,$4,$-3404,$0,$4304,$7962,$168,$335,$-317,$18,$-49,$-3,$72,$-31,$-44,$142,$-504,$0,$-798,$0,$-3,$-3,$0,$-1305,$25,$0,$25,$671,$671,$-7,$-11,$678,$-485,$0,$0
6,2017-03-31,13.39,$10.62,1.26,$2.44,5.49,$7.60,1.76,$-1.69,0.0,$0.43B,$0.59B,0.73,$2.58B,$3.99B,0.65,$0.87B,$0.65B,74.54%,$0.87B,$-0.65B,-74.31%,$0.87B,$-0.65B,-74.31%,$0.87B,$0.04B,4.93%,$0.87B,$-0.84B,-96.79%,$0.87B,$-0.54B,-61.47%,$-0.54B,$4.22B,-14.12%,$-0.54B,$4.22B,-14.12%,$-0.54B,$7.91B,-7.03%,$-0.65B,$6.80B,-10.17%,$395,$41,$354,$0,$59,$222,$173,$-45,$128,$33,$95,$95,$88,$327,$173,$386,410,$0.23,$0.22,$142,$35,$81,$428,$7395,$0,$0,$87,$7482,$7910,$588,$2575,$244,$3100,$3688,$4,$-3480,$0,$4222,$7910,$92,$154,$-175,$-21,$-14,$2,$29,$-2,$-49,$22,$-229,$0,$-802,$0,$0,$0,$0,$-1031,$0,$0,$0,$671,$671,$-4,$-10,$657,$-352,$0,$0
7,2016-12-31,14.57,$10.06,1.45,$2.26,6.46,$8.52,1.71,$-1.97,0.0,$0.75B,$0.68B,1.11,$2.58B,$3.23B,0.8,$0.69B,$0.45B,65.51%,$0.69B,$-0.73B,-105.48%,$0.69B,$-0.73B,-105.48%,$0.69B,$-0.03B,-3.75%,$0.69B,$-0.94B,-135.21%,$0.69B,$-0.64B,-92.50%,$-0.64B,$3.47B,-17.72%,$-0.64B,$3.47B,-17.72%,$-0.64B,$7.26B,-8.35%,$-0.73B,$6.04B,-11.72%,$88,$61,$27,$0,$80,$309,$-221,$-48,$-269,$-98,$-171,$-171,$-175,$-17,$-221,$313,313,$-0.59,$-0.59,$496,$32,$58,$754,$6157,$0,$0,$353,$6510,$7264,$677,$2575,$295,$3121,$3798,$3,$-3572,$0,$3466,$7264,$-601,$705,$246,$951,$126,$10,$-72,$-82,$-82,$268,$549,$0,$0,$0,$0,$0,$-239,$310,$-621,$0,$-621,$540,$540,$-18,$-21,$-120,$458,$0,$0
8,2016-09-30,13.19,$10.55,1.25,$3.62,3.64,$8.07,1.63,$-7.05,0.0,$0.91B,$0.62B,1.46,$2.57B,$3.40B,0.76,$0.99B,$0.75B,76.16%,$0.99B,$-0.44B,-44.14%,$0.99B,$-0.44B,-44.14%,$0.99B,$2.68B,270.20%,$0.99B,$-0.66B,-66.26%,$0.99B,$-2.01B,-202.53%,$-2.01B,$3.63B,-55.15%,$-2.01B,$3.63B,-55.15%,$-2.01B,$7.45B,-25.19%,$-0.44B,$6.21B,-6.82%,$251,$59,$192,$0,$96,$552,$-301,$-49,$-350,$-132,$-218,$-218,$-245,$-141,$-301,$342,342,$-0.72,$-0.72,$623,$33,$106,$909,$6482,$0,$0,$55,$6537,$7446,$624,$2574,$291,$3188,$3812,$3,$-3400,$0,$3634,$7446,$-429,$501,$157,$658,$147,$13,$-79,$-71,$-115,$114,$700,$0,$0,$0,$0,$0,$-240,$460,$-495,$0,$-495,$540,$540,$-15,$-19,$11,$585,$0,$0
9,2016-06-30,9.31,$11.55,0.81,$4.51,2.07,$7.08,1.32,$-7.26,0.0,$1.40B,$0.70B,2.0,$2.57B,$3.52B,0.73,$1.15B,$0.92B,80.10%,$1.15B,$-0.10B,-8.99%,$1.15B,$-0.10B,-8.99%,$1.15B,$3.18B,277.14%,$1.15B,$-0.40B,-35.17%,$1.15B,$-1.99B,-174.00%,$-1.99B,$3.86B,-49.91%,$-1.99B,$3.86B,-49.91%,$-1.99B,$7.86B,-22.59%,$-0.10B,$6.43B,-1.48%,$138,$61,$77,$0,$203,$437,$-299,$-54,$-353,$-130,$-223,$-223,$-204,$-126,$-299,$301,301,$-0.68,$-0.68,$1031,$37,$135,$1395,$6418,$0,$0,$49,$6467,$7862,$697,$2572,$345,$3307,$4004,$3,$-3181,$0,$3858,$7862,$-210,$341,$28,$369,$102,$9,$-28,$-21,$-70,$89,$848,$0,$0,$0,$0,$0,$-4,$844,$-461,$0,$-461,$540,$540,$-11,$-8,$60,$993,$0,$0
10,2016-03-31,6.99,$12.70,0.55,$4.79,1.46,$6.49,1.08,$-6.72,0.0,$1.56B,$1.03B,1.52,$2.75B,$3.18B,0.87,$1.16B,$0.95B,81.50%,$1.16B,$0.25B,21.60%,$1.16B,$0.25B,21.60%,$1.16B,$3.60B,309.38%,$1.16B,$-0.03B,-2.24%,$1.16B,$-1.82B,-156.63%,$-1.82B,$3.52B,-44.15%,$-1.82B,$3.52B,-44.15%,$-1.82B,$8.14B,-20.56%,$0.25B,$6.26B,3.61%,$216,$58,$158,$0,$103,$126,$90,$-55,$35,$35,$0,$0,$-17,$258,$90,$276,276,$-0.06,$-0.06,$11,$42,$1320,$1563,$6504,$0,$0,$73,$6577,$8140,$1029,$2746,$345,$3596,$4625,$3,$-2983,$0,$3515,$8140,$-12,$168,$-62,$106,$117,$4,$-26,$-9,$-75,$19,$96,$0,$0,$0,$0,$0,$-1,$95,$-138,$0,$-138,$1,$1,$-5,$1,$-141,$-27,$0,$0
11,2015-12-31,5.74,$12.84,0.45,$6.05,0.95,$7.42,0.77,$-6.33,0.0,$0.89B,$0.73B,1.22,$3.19B,$3.20B,1.0,$1.37B,$1.16B,84.70%,$1.37B,$0.27B,20.06%,$1.37B,$0.27B,20.06%,$1.37B,$3.68B,269.03%,$1.37B,$0.02B,1.46%,$1.37B,$-1.74B,-127.09%,$-1.74B,$3.54B,-39.99%,$-1.74B,$3.54B,-39.99%,$-1.74B,$8.39B,-19.64%,$0.27B,$6.72B,3.92%,$385,$58,$327,$0,$126,$312,$73,$-61,$12,$21,$-9,$-9,$-1539,$2684,$73,$234,234,$-6.68,$-6.67,$38,$46,$509,$893,$6522,$0,$0,$978,$7500,$8393,$733,$3189,$471,$4125,$4858,$3,$-2971,$0,$3535,$8393,$-1726,$3401,$-1110,$2291,$233,$-2,$-247,$183,$254,$819,$-314,$0,$-1212,$0,$0,$0,$210,$-1316,$-115,$0,$-115,$295,$634,$-6,$-48,$465,$-32,$0,$0
12,2015-09-30,6.62,$18.42,0.36,$5.16,1.28,$3.50,1.89,$0.36,18.39,$0.94B,$0.77B,1.21,$3.40B,$4.73B,0.72,$1.14B,$1.20B,105.81%,$1.14B,$0.78B,68.75%,$1.14B,$0.78B,68.75%,$1.14B,$1.71B,150.62%,$1.14B,$0.55B,48.77%,$1.14B,$0.02B,1.94%,$0.02B,$5.07B,0.48%,$0.02B,$5.07B,0.48%,$0.02B,$10.91B,0.25%,$0.78B,$8.47B,11.19%,$407,$51,$356,$0,$102,$374,$33,$-130,$-97,$-27,$-70,$-70,$-234,$360,$33,$251,251,$-0.93,$-0.93,$99,$71,$469,$937,$9815,$0,$0,$155,$9970,$10907,$772,$3400,$408,$5063,$5835,$3,$-1437,$0,$5072,$10907,$-192,$790,$-191,$599,$232,$-11,$-186,$165,$222,$629,$-280,$0,$-1190,$0,$0,$0,$211,$-1259,$65,$0,$65,$295,$634,$0,$-40,$659,$29,$0,$0
13,2015-06-30,12.28,$21.28,0.58,$7.14,1.72,$1.36,9.04,$1.59,7.72,$1.07B,$0.73B,1.46,$2.00B,$4.37B,0.46,$1.48B,$1.45B,98.10%,$1.48B,$0.85B,57.59%,$1.48B,$0.85B,57.59%,$1.48B,$1.71B,115.65%,$1.48B,$0.72B,48.92%,$1.48B,$0.32B,21.54%,$0.32B,$4.37B,7.32%,$0.32B,$4.37B,7.32%,$0.32B,$7.96B,3.84%,$0.85B,$6.37B,13.23%,$154,$48,$106,$0,$127,$99,$55,$-31,$24,$1,$23,$23,$-30,$293,$55,$205,207,$-0.14,$-0.14,$317,$48,$422,$1067,$6818,$0,$0,$77,$6895,$7962,$730,$2000,$254,$2865,$3595,$2,$-1207,$0,$4367,$7962,$38,$463,$-76,$387,$176,$-2,$-145,$9,$5,$430,$93,$0,$0,$0,$0,$0,$2,$95,$-280,$0,$-280,$2,$2,$0,$0,$-278,$247,$0,$0
14,2015-03-31,10.93,$21.43,0.51,$9.98,1.1,$-0.53,0.0,$1.07,10.21,$1.09B,$0.84B,1.3,$2.00B,$4.39B,0.46,$2.05B,$1.93B,94.29%,$2.05B,$0.60B,29.14%,$2.05B,$0.60B,29.14%,$2.05B,$1.50B,73.01%,$2.05B,$0.47B,23.04%,$2.05B,$0.21B,10.40%,$0.21B,$4.39B,4.97%,$0.21B,$4.39B,4.97%,$0.21B,$8.10B,2.57%,$0.60B,$6.39B,9.46%,$420,$52,$368,$0,$178,$307,$113,$-32,$81,$29,$52,$52,$67,$338,$113,$204,206,$0.33,$0.32,$82,$49,$609,$1087,$6911,$0,$0,$105,$7016,$8103,$836,$2000,$264,$2878,$3714,$2,$-1177,$0,$4389,$8103,$68,$225,$-91,$134,$110,$-3,$-90,$37,$-8,$194,$83,$0,$0,$0,$0,$0,$4,$87,$-280,$0,$-280,$2,$2,$0,$9,$-269,$12,$0,$0
15,2014-12-31,11.63,$21.74,0.54,$12.29,0.95,$-2.59,0.0,$0.83,14.01,$1.87B,$1.21B,1.55,$2.26B,$4.43B,0.51,$2.52B,$2.31B,91.52%,$2.52B,$0.53B,20.85%,$2.52B,$0.53B,20.85%,$2.52B,$1.43B,56.48%,$2.52B,$0.40B,16.01%,$2.52B,$0.16B,6.50%,$0.16B,$4.43B,3.86%,$0.16B,$4.43B,3.86%,$0.16B,$8.78B,1.95%,$0.53B,$6.69B,8.37%,$155,$-217,$372,$0,$195,$-425,$580,$-34,$546,$192,$354,$354,$219,$720,$580,$203,206,$1.08,$1.07,$41,$45,$1324,$1869,$6842,$0,$0,$67,$6909,$8778,$1209,$2260,$260,$3141,$4350,$2,$-1244,$-1,$4428,$8778,$171,$899,$-81,$818,$51,$19,$4,$8,$81,$1070,$-1433,$0,$0,$0,$0,$0,$-4,$-1437,$370,$0,$370,$16,$16,$0,$-42,$344,$-29,$0,$0
16,2014-09-30,24.06,$20.66,1.16,$13.38,1.8,$-3.17,0.0,$-5.12,0.0,$1.01B,$1.01B,0.99,$2.05B,$4.20B,0.49,$2.74B,$2.25B,82.32%,$2.74B,$-1.43B,-52.39%,$2.74B,$-1.43B,-52.39%,$2.74B,$0.99B,36.28%,$2.74B,$-1.59B,-58.09%,$2.74B,$-1.03B,-37.56%,$-1.03B,$4.20B,-24.52%,$-1.03B,$4.20B,-24.52%,$-1.03B,$8.24B,-12.34%,$-1.43B,$6.25B,-23.36%,$747,$145,$602,$0,$267,$645,$102,$-31,$71,$25,$46,$46,$62,$356,$102,$203,208,$0.30,$0.30,$65,$70,$374,$1005,$7037,$135,$0,$67,$7239,$8244,$1011,$2047,$271,$3031,$4042,$2,$-1463,$-1,$4202,$8244,$-48,$759,$140,$899,$71,$1,$-15,$-107,$-72,$779,$-936,$0,$0,$0,$0,$0,$-3,$-939,$135,$0,$135,$15,$15,$0,$-18,$132,$-34,$0,$0
17,2014-06-30,23.91,$20.31,1.18,$12.85,1.86,$-3.97,0.0,$-5.99,0.0,$0.88B,$1.01B,0.87,$1.79B,$4.12B,0.44,$2.61B,$2.11B,80.93%,$2.61B,$-1.65B,-63.32%,$2.61B,$-1.65B,-63.32%,$2.61B,$0.81B,30.93%,$2.61B,$-1.80B,-68.99%,$2.61B,$-1.20B,-46.20%,$-1.20B,$4.12B,-27.13%,$-1.20B,$4.12B,-27.13%,$-1.20B,$8.02B,-13.92%,$-1.65B,$5.92B,-26.12%,$727,$137,$590,$0,$336,$925,$-198,$-28,$-226,$-82,$-144,$-144,$-135,$82,$-198,$203,203,$-0.66,$-0.66,$105,$81,$131,$877,$6938,$151,$0,$52,$7141,$8018,$1013,$1794,$369,$2881,$3894,$2,$-1525,$-1,$4124,$8018,$-114,$505,$117,$622,$34,$-9,$1,$6,$12,$520,$-390,$0,$0,$0,$0,$0,$-5,$-395,$-120,$0,$-120,$12,$12,$0,$-6,$-114,$6,$0,$0
18,2014-03-31,18.03,$20.93,0.86,$13.27,1.36,$-5.83,0.0,$-5.24,0.0,$0.96B,$1.05B,0.92,$2.04B,$4.23B,0.48,$2.69B,$2.15B,79.81%,$2.69B,$-1.40B,-52.00%,$2.69B,$-1.40B,-52.00%,$2.69B,$1.03B,38.08%,$2.69B,$-1.54B,-57.13%,$2.69B,$-1.05B,-39.01%,$-1.05B,$4.23B,-22.22%,$-1.05B,$4.23B,-22.22%,$-1.05B,$8.64B,-11.65%,$-1.40B,$6.27B,-21.28%,$894,$149,$745,$0,$493,$852,$42,$-29,$13,$13,$0,$0,$18,$267,$42,$202,205,$0.09,$0.09,$58,$68,$125,$961,$7398,$148,$0,$130,$7676,$8637,$1045,$2039,$513,$3359,$4404,$2,$-1390,$-1,$4233,$8637,$19,$225,$21,$246,$-128,$4,$104,$12,$-59,$206,$-352,$0,$0,$0,$0,$0,$-2,$-354,$125,$0,$125,$4,$4,$0,$-17,$112,$-41,$0,$0
19,2013-12-31,20.38,$20.95,0.97,$12.07,1.69,$-5.76,0.0,$-5.91,0.0,$0.92B,$1.01B,0.92,$1.91B,$4.21B,0.45,$2.43B,$1.85B,76.26%,$2.43B,$-1.60B,-65.86%,$2.43B,$-1.60B,-65.86%,$2.43B,$0.85B,35.13%,$2.43B,$-1.73B,-71.08%,$2.43B,$-1.19B,-48.75%,$-1.19B,$4.21B,-23.77%,$-1.19B,$4.21B,-23.77%,$-1.19B,$8.43B,-12.87%,$-1.60B,$6.12B,-23.80%,$369,$53,$316,$0,$319,$1749,$-1380,$-68,$-1448,$-543,$-905,$-905,$-973,$288,$-1380,$201,201,$-4.85,$-4.85,$47,$66,$242,$922,$6760,$0,$0,$747,$7507,$8429,$1007,$1911,$525,$3212,$4219,$2,$-1408,$-1,$4210,$8429,$-1191,$2455,$-686,$1769,$-43,$-5,$41,$86,$58,$636,$-1105,$0,$0,$0,$0,$0,$-6,$-1111,$410,$0,$410,$6,$6,$0,$10,$426,$-54,$0,$0
20,2013-09-30,19.26,$25.83,0.75,$12.93,1.49,$-5.50,0.0,$-1.59,0.0,$0.69B,$0.73B,0.96,$1.78B,$5.19B,0.34,$2.60B,$2.02B,77.73%,$2.60B,$-0.22B,-8.54%,$2.60B,$-0.22B,-8.54%,$2.60B,$0.95B,36.35%,$2.60B,$-0.34B,-12.96%,$2.60B,$-0.32B,-12.23%,$-0.32B,$5.19B,-6.03%,$-0.32B,$5.19B,-6.03%,$-0.32B,$9.52B,-3.36%,$-0.22B,$6.96B,-3.21%,$616,$158,$458,$0,$301,$730,$-114,$-23,$-137,$-29,$-108,$-108,$-114,$169,$-114,$201,201,$-0.57,$-0.57,$108,$74,$89,$694,$8535,$161,$0,$133,$8829,$9523,$726,$1776,$488,$3612,$4338,$2,$-435,$-1,$5185,$9523,$-207,$787,$-72,$715,$55,$-5,$-5,$-1,$12,$520,$-833,$0,$0,$0,$0,$0,$-3,$-836,$270,$0,$270,$4,$4,$0,$-1,$273,$-45,$0,$0
21,2013-06-30,18.94,$26.37,0.72,$13.26,1.43,$-5.28,0.0,$-1.34,0.0,$0.72B,$0.70B,1.02,$1.69B,$5.29B,0.32,$2.66B,$2.05B,76.96%,$2.66B,$-0.18B,-6.88%,$2.66B,$-0.18B,-6.88%,$2.66B,$0.97B,36.45%,$2.66B,$-0.29B,-10.94%,$2.66B,$-0.27B,-10.07%,$-0.27B,$5.29B,-5.01%,$-0.27B,$5.29B,-5.01%,$-0.27B,$9.48B,-2.83%,$-0.18B,$6.98B,-2.64%,$815,$184,$631,$0,$332,$764,$51,$-18,$33,$11,$22,$22,$18,$302,$51,$200,204,$0.09,$0.09,$90,$76,$101,$716,$8469,$157,$0,$141,$8767,$9483,$701,$1688,$457,$3492,$4193,$2,$-321,$-1,$5290,$9483,$-91,$504,$-68,$436,$23,$-9,$9,$-28,$-56,$289,$-538,$0,$0,$0,$-3,$-3,$0,$-541,$180,$0,$180,$2,$2,$0,$9,$191,$-63,$0,$0
22,2013-03-31,16.02,$26.25,0.61,$13.16,1.22,$-4.47,0.0,$-1.48,0.0,$0.68B,$0.75B,0.91,$1.59B,$5.26B,0.3,$2.62B,$2.01B,76.50%,$2.62B,$-0.27B,-10.15%,$2.62B,$-0.27B,-10.15%,$2.62B,$0.97B,37.05%,$2.62B,$-0.37B,-14.15%,$2.62B,$-0.30B,-11.29%,$-0.30B,$5.26B,-5.44%,$-0.30B,$5.26B,-5.44%,$-0.30B,$9.40B,-3.09%,$-0.27B,$6.85B,-3.82%,$631,$182,$449,$0,$350,$789,$-158,$-18,$-176,$-63,$-113,$-113,$-116,$95,$-158,$200,200,$-0.58,$-0.58,$112,$54,$70,$680,$8451,$148,$0,$125,$8724,$9404,$751,$1589,$460,$3396,$4147,$2,$-339,$-1,$5257,$9404,$-113,$253,$-68,$185,$33,$12,$5,$85,$72,$144,$-271,$0,$0,$0,$0,$0,$0,$-271,$81,$0,$81,$0,$0,$0,$6,$87,$-41,$0,$0
23,2012-12-31,14.88,$26.95,0.55,$14.60,1.02,$-4.72,0.0,$-1.12,0.0,$0.77B,$0.73B,1.06,$1.51B,$5.37B,0.28,$2.90B,$2.26B,78.07%,$2.90B,$-0.16B,-5.41%,$2.90B,$-0.16B,-5.41%,$2.90B,$1.13B,39.03%,$2.90B,$-0.26B,-8.90%,$2.90B,$-0.22B,-7.69%,$-0.22B,$5.37B,-4.02%,$-0.22B,$5.37B,-4.02%,$-0.22B,$9.46B,-2.28%,$-0.16B,$6.88B,-2.22%,$538,$55,$483,$0,$296,$539,$-1,$-56,$-57,$-13,$-44,$-44,$-106,$379,$-1,$199,199,$-0.53,$-0.53,$153,$66,$93,$772,$8416,$145,$0,$123,$8684,$9456,$726,$1508,$450,$3359,$4085,$2,$-223,$2,$5371,$9456,$-211,$1289,$-202,$1087,$68,$7,$-128,$-39,$-80,$796,$-1211,$0,$0,$0,$0,$0,$7,$-1204,$6,$0,$6,$3,$3,$0,$28,$37,$-373,$0,$0
24,2012-09-30,16.59,$27.60,0.6,$16.92,0.98,$-4.41,0.0,$-2.31,0.0,$0.89B,$0.68B,1.3,$1.51B,$5.50B,0.28,$3.35B,$2.58B,76.95%,$3.35B,$-0.43B,-12.88%,$3.35B,$-0.43B,-12.88%,$3.35B,$1.30B,38.85%,$3.35B,$-0.51B,-15.24%,$3.35B,$-0.46B,-13.57%,$-0.46B,$5.50B,-8.05%,$-0.46B,$5.50B,-8.05%,$-0.46B,$9.58B,-4.54%,$-0.43B,$7.01B,-6.04%,$677,$192,$485,$0,$290,$752,$-75,$-16,$-91,$-28,$-63,$-63,$-64,$194,$-75,$199,199,$-0.32,$-0.32,$240,$71,$191,$887,$8413,$143,$0,$140,$8696,$9583,$681,$1509,$438,$3406,$4087,$2,$-117,$55,$5496,$9583,$-107,$909,$-132,$777,$128,$2,$-142,$-49,$-81,$589,$-855,$0,$0,$0,$-2,$-2,$3,$-854,$6,$0,$6,$2,$2,$0,$-29,$-21,$-286,$0,$0
