,Date,Stock Price,Book Value per Share,Price to Book Ratio,TTM Sales per Share,Price to Sales Ratio,TTM FCF per Share,Price to FCF Ratio,TTM Net EPS,PE Ratio,Current Assets,Current Liabilities,Current Ratio,Long Term Debt,Shareholder's Equity_x,Debt to Equity Ratio,TTM Revenue_x,TTM Gross Profit,Gross Margin,TTM Revenue_y,TTM Operating Income,Operating Margin,TTM Revenue_x,TTM EBIT,EBIT Margin,TTM Revenue_y,TTM EBITDA,EBITDA Margin,TTM Revenue_x,TTM Pre-Tax Income,Pre-Tax Margin,TTM Revenue_y,TTM Net Income_x,Net Margin,TTM Net Income_y,Shareholder's Equity_y,Return on Equity,TTM Net Income_x,Tangible Equity,Return on Tangible Equity,TTM Net Income_y,Total Assets,Return on Assets,TTM Net Income,LT Investments & Debt,Return on Investment,revenue,cost-goods-sold,gross-profit,research-development-expenses,selling-general-administrative-expenses,operating-expenses,operating-income,total-non-operating-income-expense,pre-tax-income,total-provision-income-taxes,income-after-taxes,income-from-continuous-operations,net-income,ebitda,ebit,basic-shares-outstanding,shares-outstanding,eps-basic-net-earnings-per-share,eps-earnings-per-share-diluted,cash-on-hand,inventory,other-current-assets,total-current-assets,net-property-plant-equipment,long-term-investments,goodwill-intangible-assets-total,other-long-term-assets,total-long-term-assets,total-assets,total-current-liabilities,long-term-debt,other-non-current-liabilities,total-long-term-liabilities,total-liabilities,common-stock-net,retained-earnings-accumulated-deficit,comprehensive-income,total-share-holder-equity,total-liabilities-share-holders-equity,net-income-loss,total-depreciation-amortization-cash-flow,other-non-cash-items,total-non-cash-items,change-in-accounts-receivable,change-in-inventories,change-in-accounts-payable,change-in-assets-liabilities,total-change-in-assets-liabilities,cash-flow-from-operating-activities,net-change-in-property-plant-equipment,net-change-in-intangible-assets,net-acquisitions-divestitures,net-change-in-short-term-investments,net-change-in-long-term-investments,net-change-in-investments-total,investing-activities-other,cash-flow-from-investing-activities,net-long-term-debt,net-current-debt,debt-issuance-retirement-net-total,net-common-equity-issued-repurchased,net-total-equity-issued-repurchased,total-common-preferred-stock-dividends-paid,financial-activities-other,cash-flow-from-financial-activities,net-cash-flow,stock-based-compensation,common-stock-dividends-paid
0,2018-09-30,114.36,$61.73,1.85,$61.94,1.85,$54.42,2.1,$2.61,43.82,$0.76B,$0.04B,17.26,$0.23B,$0.57B,0.41,$0.56B,$0.56B,100.00%,$0.56B,$0.10B,18.12%,$0.56B,$0.12B,21.31%,$0.56B,$0.13B,23.09%,$0.56B,$0.10B,18.12%,$0.56B,$0.02B,4.26%,$0.02B,$0.57B,4.55%,$0.02B,$0.55B,4.67%,$0.02B,$0.84B,2.83%,$0.10B,$0.80B,12.73%,$127,$0,$127,$0,$65,$109,$18,$0,$18,$4,$14,$14,$15,$24,$22,$9,9,$1.60,$1.56,$6,$0,$0,$755,$24,$0,$16,$21,$84,$839,$44,$230,$0,$230,$274,$0,$384,$0,$565,$839,$-7,$4,$110,$114,$0,$0,$0,$-8,$-12,$95,$-4,$-3,$28,$0,$-132,$-132,$0,$-111,$-15,$0,$-15,$2,$2,$0,$-0,$-13,$-26,$3,$0
1,2018-06-30,111.01,$56.82,1.95,$61.63,1.8,$54.78,2.03,$2.15,51.63,$0.72B,$0.05B,14.95,$0.24B,$0.52B,0.46,$0.56B,$0.56B,100.00%,$0.56B,$0.10B,18.56%,$0.56B,$0.12B,21.80%,$0.56B,$0.13B,23.78%,$0.56B,$0.10B,18.56%,$0.56B,$0.02B,3.42%,$0.02B,$0.52B,3.73%,$0.02B,$0.50B,3.83%,$0.02B,$0.81B,2.22%,$0.10B,$0.76B,12.80%,$123,$0,$123,$0,$68,$103,$20,$0,$20,$5,$16,$16,$-22,$27,$24,$9,9,$-2.37,$-2.32,$10,$0,$0,$724,$23,$0,$13,$31,$88,$812,$48,$240,$6,$246,$295,$0,$370,$-31,$517,$812,$-22,$2,$73,$76,$0,$0,$0,$1,$1,$55,$-2,$0,$0,$0,$-64,$-64,$0,$-66,$-5,$0,$-5,$1,$1,$0,$-0,$-4,$-15,$1,$0
2,2018-03-31,105.3,$59.34,1.77,$61.57,1.71,$54.48,1.93,$5.95,17.7,$0.69B,$0.05B,14.53,$0.25B,$0.54B,0.45,$0.55B,$0.55B,100.00%,$0.55B,$0.10B,18.40%,$0.55B,$0.12B,21.86%,$0.55B,$0.13B,23.68%,$0.55B,$0.10B,18.40%,$0.55B,$0.05B,9.84%,$0.05B,$0.54B,10.81%,$0.05B,$0.53B,11.12%,$0.05B,$0.84B,6.30%,$0.10B,$0.79B,12.46%,$176,$0,$176,$0,$96,$127,$49,$0,$49,$20,$29,$29,$29,$56,$54,$9,9,$3.30,$3.22,$12,$0,$0,$692,$23,$0,$14,$13,$149,$841,$48,$245,$0,$252,$300,$0,$391,$-26,$541,$841,$54,$9,$145,$155,$0,$0,$0,$-1,$10,$218,$-9,$-2,$-16,$0,$-143,$-143,$0,$-170,$-50,$0,$-50,$21,$21,$0,$-2,$-31,$17,$5,$0
3,2017-12-31,80.72,$55.14,1.46,$58.37,1.38,$55.44,1.46,$6.41,12.59,$0.82B,$0.04B,20.25,$0.38B,$0.49B,0.77,$0.52B,$0.52B,100.00%,$0.52B,$0.10B,19.50%,$0.52B,$0.12B,23.17%,$0.52B,$0.13B,25.10%,$0.52B,$0.10B,19.50%,$0.52B,$0.06B,11.00%,$0.06B,$0.49B,11.89%,$0.06B,$0.48B,12.23%,$0.06B,$0.91B,6.72%,$0.10B,$0.87B,12.58%,$137,$0,$137,$0,$73,$122,$15,$0,$15,$14,$2,$2,$2,$23,$20,$9,9,$0.19,$0.19,$25,$0,$0,$816,$25,$0,$14,$15,$90,$906,$40,$377,$0,$377,$417,$0,$362,$-31,$489,$906,$25,$7,$119,$126,$0,$0,$0,$-2,$-5,$146,$-7,$-2,$-9,$0,$-202,$-202,$0,$-219,$82,$0,$82,$4,$4,$0,$-1,$84,$10,$3,$0
4,2017-09-30,82.89,$55.45,1.49,$57.95,1.43,$57.18,1.45,$7.32,11.32,$0.76B,$0.05B,16.42,$0.32B,$0.49B,0.65,$0.51B,$0.51B,100.00%,$0.51B,$0.10B,19.53%,$0.51B,$0.12B,23.44%,$0.51B,$0.13B,25.20%,$0.51B,$0.10B,19.53%,$0.51B,$0.07B,12.70%,$0.07B,$0.49B,14.05%,$0.07B,$0.48B,14.43%,$0.07B,$0.86B,7.77%,$0.10B,$0.81B,12.63%,$119,$0,$119,$0,$62,$100,$19,$0,$19,$7,$12,$12,$10,$26,$23,$9,9,$1.12,$1.10,$19,$0,$0,$758,$24,$0,$14,$14,$99,$857,$46,$321,$0,$321,$367,$0,$360,$-26,$490,$857,$23,$5,$65,$69,$0,$0,$0,$0,$2,$94,$-4,$-2,$-9,$0,$-104,$-104,$0,$-118,$26,$0,$26,$2,$2,$0,$-0,$27,$4,$2,$0
5,2017-06-30,74.91,$54.27,1.38,$59.26,1.26,$58.42,1.28,$7.98,9.39,$0.74B,$0.05B,15.41,$0.30B,$0.48B,0.63,$0.52B,$0.52B,100.00%,$0.52B,$0.11B,20.11%,$0.52B,$0.13B,24.33%,$0.52B,$0.14B,25.86%,$0.52B,$0.11B,20.11%,$0.52B,$0.07B,13.41%,$0.07B,$0.48B,15.74%,$0.07B,$0.47B,16.14%,$0.07B,$0.83B,8.47%,$0.11B,$0.78B,13.41%,$117,$0,$117,$0,$66,$98,$18,$0,$18,$7,$11,$11,$13,$25,$23,$9,9,$1.50,$1.48,$15,$0,$0,$736,$24,$0,$13,$13,$91,$827,$48,$301,$0,$301,$348,$0,$351,$-25,$478,$827,$13,$2,$31,$33,$0,$0,$0,$3,$4,$50,$-2,$-1,$-2,$0,$-52,$-52,$0,$-57,$5,$0,$5,$1,$1,$0,$-0,$6,$-1,$1,$0
6,2017-03-31,51.78,$52.50,0.99,$60.54,0.86,$59.18,0.87,$8.39,6.17,$0.71B,$0.04B,16.02,$0.30B,$0.46B,0.64,$0.53B,$0.53B,100.00%,$0.53B,$0.11B,21.43%,$0.53B,$0.14B,25.56%,$0.53B,$0.15B,27.26%,$0.53B,$0.11B,21.43%,$0.53B,$0.07B,13.91%,$0.07B,$0.46B,17.35%,$0.07B,$0.45B,17.77%,$0.07B,$0.80B,9.00%,$0.11B,$0.76B,14.62%,$145,$0,$145,$0,$70,$96,$49,$0,$49,$17,$32,$32,$32,$56,$54,$9,9,$3.65,$3.63,$15,$0,$0,$711,$24,$0,$13,$14,$90,$801,$44,$295,$0,$295,$340,$0,$345,$-28,$461,$801,$74,$9,$132,$142,$0,$0,$0,$0,$4,$219,$-6,$-4,$-17,$0,$-105,$-105,$0,$-132,$-80,$0,$-80,$-4,$-4,$0,$-1,$-84,$3,$5,$0
7,2016-12-31,64.28,$48.05,1.34,$60.65,1.06,$57.69,1.11,$8.04,8.0,$0.77B,$0.04B,18.82,$0.40B,$0.42B,0.94,$0.53B,$0.53B,100.00%,$0.53B,$0.11B,20.90%,$0.53B,$0.14B,25.42%,$0.53B,$0.15B,27.31%,$0.53B,$0.11B,20.90%,$0.53B,$0.07B,13.56%,$0.07B,$0.42B,17.59%,$0.07B,$0.41B,17.99%,$0.07B,$0.86B,8.74%,$0.11B,$0.82B,14.19%,$131,$0,$131,$0,$71,$116,$14,$0,$14,$5,$10,$10,$10,$22,$20,$9,9,$1.11,$1.10,$16,$0,$0,$772,$24,$0,$9,$13,$89,$861,$41,$398,$0,$398,$439,$0,$313,$-34,$422,$861,$42,$7,$105,$112,$0,$0,$0,$2,$2,$156,$-4,$0,$0,$0,$-166,$-166,$0,$-170,$23,$0,$23,$-4,$-4,$0,$-1,$19,$4,$4,$0
8,2016-09-30,49.04,$47.52,1.03,$61.82,0.79,$56.09,0.87,$8.64,5.68,$0.73B,$0.04B,18.73,$0.36B,$0.42B,0.86,$0.54B,$0.54B,100.00%,$0.54B,$0.12B,22.78%,$0.54B,$0.15B,27.41%,$0.54B,$0.16B,29.26%,$0.54B,$0.12B,22.78%,$0.54B,$0.08B,14.26%,$0.08B,$0.42B,19.52%,$0.08B,$0.41B,19.97%,$0.08B,$0.82B,9.22%,$0.12B,$0.78B,15.45%,$129,$0,$129,$0,$63,$105,$24,$0,$24,$9,$15,$15,$15,$32,$30,$9,9,$1.78,$1.76,$16,$0,$0,$730,$24,$0,$9,$13,$87,$817,$39,$361,$0,$361,$400,$0,$308,$-30,$418,$817,$32,$5,$65,$70,$0,$0,$0,$3,$1,$103,$-3,$0,$0,$0,$0,$0,$-81,$-84,$-14,$0,$-14,$0,$0,$0,$-1,$-14,$4,$1,$0
9,2016-06-30,45.6,$46.05,0.99,$62.91,0.72,$54.17,0.84,$9.10,5.01,$0.72B,$0.05B,15.98,$0.36B,$0.41B,0.89,$0.55B,$0.55B,100.00%,$0.55B,$0.13B,23.22%,$0.55B,$0.15B,27.97%,$0.55B,$0.16B,29.98%,$0.55B,$0.13B,23.22%,$0.55B,$0.08B,14.81%,$0.08B,$0.41B,21.50%,$0.08B,$0.40B,22.03%,$0.08B,$0.81B,9.57%,$0.13B,$0.77B,15.66%,$127,$0,$127,$0,$63,$101,$27,$0,$27,$10,$17,$17,$17,$35,$32,$9,9,$1.91,$1.89,$10,$0,$0,$724,$24,$0,$9,$14,$87,$810,$45,$360,$0,$360,$406,$0,$293,$-27,$405,$810,$17,$3,$31,$34,$0,$0,$0,$1,$6,$56,$-1,$0,$0,$0,$-42,$-42,$0,$-43,$-14,$0,$-14,$0,$0,$0,$-0,$-14,$-2,$1,$0
10,2016-03-31,37.92,$44.47,0.85,$64.17,0.59,$52.79,0.72,$9.92,3.82,$0.72B,$0.04B,18.15,$0.38B,$0.39B,0.96,$0.56B,$0.56B,100.00%,$0.56B,$0.14B,24.78%,$0.56B,$0.16B,29.44%,$0.56B,$0.17B,31.24%,$0.56B,$0.14B,24.78%,$0.56B,$0.09B,15.80%,$0.09B,$0.39B,24.48%,$0.09B,$0.38B,25.11%,$0.09B,$0.81B,10.21%,$0.14B,$0.77B,16.71%,$144,$0,$144,$0,$67,$98,$46,$0,$46,$16,$30,$30,$30,$56,$53,$9,9,$3.44,$3.42,$12,$0,$0,$719,$25,$0,$9,$15,$87,$806,$40,$375,$0,$375,$414,$0,$276,$-23,$392,$806,$87,$10,$116,$126,$0,$0,$0,$2,$-8,$206,$-8,$-0,$-0,$0,$-94,$-94,$0,$-102,$-126,$0,$-126,$3,$3,$0,$-5,$-129,$-26,$-6,$0
11,2015-12-31,37.1,$40.67,0.91,$65.56,0.57,$55.06,0.67,$11.97,3.1,$0.82B,$0.03B,25.43,$0.51B,$0.36B,1.41,$0.58B,$0.58B,100.00%,$0.58B,$0.17B,29.14%,$0.58B,$0.19B,33.45%,$0.58B,$0.20B,34.83%,$0.58B,$0.17B,29.14%,$0.58B,$0.11B,18.45%,$0.11B,$0.36B,31.42%,$0.11B,$0.35B,32.30%,$0.11B,$0.91B,12.20%,$0.17B,$0.88B,20.16%,$140,$0,$140,$0,$72,$114,$26,$0,$26,$11,$15,$15,$15,$35,$33,$9,9,$1.70,$1.70,$21,$0,$0,$818,$23,$0,$9,$15,$89,$907,$32,$512,$0,$512,$544,$0,$246,$-23,$363,$907,$58,$7,$90,$97,$0,$0,$0,$2,$-14,$140,$-4,$-0,$-0,$0,$-160,$-160,$-0,$-165,$11,$0,$11,$3,$3,$0,$-5,$8,$-17,$-5,$0
12,2015-09-30,26.84,$39.13,0.69,$65.64,0.41,$57.46,0.47,$12.28,2.19,$0.78B,$0.03B,28.6,$0.49B,$0.35B,1.41,$0.59B,$0.59B,100.00%,$0.59B,$0.17B,29.20%,$0.59B,$0.20B,33.28%,$0.59B,$0.20B,34.63%,$0.59B,$0.17B,29.20%,$0.59B,$0.11B,18.68%,$0.11B,$0.35B,33.54%,$0.11B,$0.34B,34.51%,$0.11B,$0.86B,12.43%,$0.17B,$0.84B,20.34%,$136,$0,$136,$0,$63,$108,$28,$0,$28,$9,$19,$19,$19,$38,$35,$9,9,$2.23,$2.22,$13,$0,$0,$777,$23,$0,$9,$16,$87,$864,$27,$490,$0,$490,$517,$0,$231,$-22,$347,$864,$43,$4,$56,$61,$0,$0,$0,$3,$-19,$84,$-2,$-0,$-0,$0,$-91,$-91,$-1,$-95,$-12,$0,$-12,$2,$2,$0,$-5,$-14,$-26,$-7,$0
13,2015-06-30,61.51,$37.47,1.64,$65.86,0.93,$60.18,1.02,$12.22,5.03,$0.78B,$0.05B,16.81,$0.49B,$0.34B,1.45,$0.60B,$0.60B,100.00%,$0.60B,$0.18B,29.62%,$0.60B,$0.20B,33.44%,$0.60B,$0.21B,34.61%,$0.60B,$0.18B,29.62%,$0.60B,$0.11B,18.64%,$0.11B,$0.34B,35.58%,$0.11B,$0.33B,36.69%,$0.11B,$0.87B,12.56%,$0.18B,$0.83B,20.94%,$137,$0,$137,$0,$68,$99,$38,$0,$38,$14,$24,$24,$24,$45,$43,$9,9,$2.75,$2.71,$17,$0,$0,$782,$26,$0,$9,$17,$90,$872,$47,$489,$0,$489,$535,$0,$212,$-17,$336,$872,$24,$2,$20,$22,$0,$0,$0,$-0,$-2,$44,$-2,$0,$0,$0,$-50,$-50,$2,$-49,$-12,$0,$-12,$2,$2,$0,$-5,$-15,$-21,$-4,$0
14,2015-03-31,72.92,$35.18,2.07,$65.09,1.12,$61.96,1.18,$11.70,6.23,$0.78B,$0.05B,15.8,$0.50B,$0.32B,1.59,$0.61B,$0.61B,100.00%,$0.61B,$0.18B,28.85%,$0.61B,$0.20B,32.79%,$0.61B,$0.21B,33.93%,$0.61B,$0.18B,28.85%,$0.61B,$0.11B,18.20%,$0.11B,$0.32B,36.79%,$0.11B,$0.31B,37.98%,$0.11B,$0.87B,12.43%,$0.18B,$0.82B,20.66%,$167,$0,$167,$0,$72,$91,$77,$0,$77,$28,$49,$49,$49,$84,$83,$9,9,$5.38,$5.27,$38,$0,$0,$781,$26,$0,$9,$13,$85,$866,$49,$501,$0,$501,$551,$0,$189,$-15,$316,$866,$111,$8,$115,$123,$0,$0,$0,$-1,$8,$242,$-8,$-0,$-2,$0,$-117,$-117,$19,$-108,$-4,$0,$-4,$-109,$-109,$0,$1,$-112,$19,$16,$0
15,2014-12-31,79.45,$32.90,2.41,$60.05,1.32,$58.36,1.36,$9.88,8.04,$0.85B,$0.03B,25.49,$0.59B,$0.31B,1.89,$0.59B,$0.59B,100.00%,$0.59B,$0.16B,27.60%,$0.59B,$0.19B,31.52%,$0.59B,$0.19B,32.88%,$0.59B,$0.16B,27.60%,$0.59B,$0.10B,17.21%,$0.10B,$0.31B,33.72%,$0.10B,$0.30B,34.80%,$0.10B,$0.94B,11.36%,$0.16B,$0.91B,19.04%,$149,$0,$149,$0,$75,$120,$29,$0,$29,$10,$18,$18,$18,$37,$35,$9,9,$2.04,$2.01,$17,$0,$0,$849,$26,$0,$10,$12,$89,$938,$33,$592,$0,$592,$625,$0,$192,$-13,$313,$938,$62,$6,$109,$115,$0,$0,$0,$-0,$-4,$173,$-7,$-0,$-1,$0,$-192,$-192,$0,$-201,$86,$0,$86,$-61,$-61,$0,$0,$26,$-3,$12,$0
16,2014-09-30,67.5,$31.06,2.17,$58.56,1.15,$55.76,1.21,$9.85,6.85,$0.81B,$0.04B,21.96,$0.56B,$0.29B,1.91,$0.60B,$0.60B,100.00%,$0.60B,$0.17B,28.43%,$0.60B,$0.19B,32.11%,$0.60B,$0.20B,33.44%,$0.60B,$0.17B,28.43%,$0.60B,$0.11B,17.73%,$0.11B,$0.29B,34.93%,$0.11B,$0.28B,36.05%,$0.11B,$0.89B,11.89%,$0.17B,$0.85B,19.94%,$148,$0,$148,$0,$71,$114,$34,$0,$34,$13,$21,$21,$21,$42,$40,$9,9,$2.34,$2.30,$15,$0,$0,$805,$26,$0,$10,$13,$85,$890,$37,$560,$0,$560,$596,$0,$174,$-6,$294,$890,$44,$4,$71,$75,$0,$0,$0,$-1,$-2,$117,$-4,$-0,$-1,$0,$-108,$-108,$0,$-113,$54,$0,$54,$-63,$-63,$0,$0,$-9,$-5,$8,$0
17,2014-06-30,75.96,$29.58,2.57,$55.82,1.36,$52.65,1.44,$9.49,8.0,$0.80B,$0.05B,17.15,$0.55B,$0.28B,1.93,$0.60B,$0.60B,100.00%,$0.60B,$0.17B,28.50%,$0.60B,$0.19B,32.00%,$0.60B,$0.20B,33.33%,$0.60B,$0.17B,28.50%,$0.60B,$0.11B,17.83%,$0.11B,$0.28B,33.62%,$0.11B,$0.28B,34.66%,$0.11B,$0.88B,12.07%,$0.17B,$0.83B,20.14%,$146,$0,$146,$0,$73,$110,$36,$0,$36,$14,$23,$23,$23,$44,$42,$10,10,$2.36,$2.32,$16,$0,$0,$797,$26,$0,$10,$12,$82,$879,$46,$548,$0,$548,$595,$0,$166,$-4,$284,$879,$23,$2,$34,$35,$0,$0,$0,$-0,$9,$67,$-2,$-0,$-0,$0,$-60,$-60,$0,$-63,$43,$0,$43,$-50,$-50,$0,$0,$-7,$-4,$4,$0
18,2014-03-31,75.08,$29.95,2.51,$52.61,1.43,$50.41,1.49,$9.17,8.19,$0.77B,$0.04B,20.72,$0.51B,$0.31B,1.65,$0.60B,$0.60B,100.00%,$0.60B,$0.17B,28.71%,$0.60B,$0.19B,31.89%,$0.60B,$0.20B,33.22%,$0.60B,$0.17B,28.71%,$0.60B,$0.11B,17.86%,$0.11B,$0.31B,31.87%,$0.11B,$0.30B,32.82%,$0.11B,$0.85B,12.19%,$0.17B,$0.81B,20.43%,$144,$0,$144,$0,$57,$81,$63,$0,$63,$24,$39,$39,$39,$70,$68,$11,11,$3.78,$3.72,$20,$0,$0,$770,$25,$0,$10,$12,$80,$850,$37,$506,$0,$506,$543,$0,$193,$-4,$307,$850,$107,$8,$137,$145,$0,$0,$0,$-0,$-6,$246,$-7,$-0,$-1,$0,$-157,$-157,$0,$-166,$105,$0,$105,$-180,$-180,$0,$3,$-72,$8,$15,$0
19,2013-12-31,87.53,$30.07,2.91,$50.59,1.73,$46.24,1.89,$8.66,10.11,$0.86B,$0.04B,24.48,$0.58B,$0.33B,1.78,$0.60B,$0.60B,100.00%,$0.60B,$0.17B,28.31%,$0.60B,$0.19B,31.49%,$0.60B,$0.20B,33.00%,$0.60B,$0.17B,28.31%,$0.60B,$0.11B,17.76%,$0.11B,$0.33B,30.24%,$0.11B,$0.32B,31.13%,$0.11B,$0.95B,12.22%,$0.17B,$0.91B,20.35%,$160,$0,$160,$0,$77,$124,$37,$0,$37,$14,$23,$23,$23,$44,$42,$11,11,$2.14,$2.10,$19,$0,$0,$862,$24,$0,$10,$12,$86,$947,$35,$583,$0,$583,$618,$0,$223,$-4,$329,$947,$68,$6,$110,$115,$0,$0,$0,$-1,$-8,$175,$-5,$-0,$-1,$0,$-230,$-230,$0,$-237,$183,$0,$183,$-115,$-115,$0,$2,$70,$8,$12,$0
20,2013-09-30,89.92,$30.75,2.92,$47.35,1.9,$42.25,2.13,$8.26,10.89,$0.79B,$0.03B,25.35,$0.49B,$0.35B,1.38,$0.59B,$0.59B,100.00%,$0.59B,$0.17B,28.11%,$0.59B,$0.18B,31.18%,$0.59B,$0.19B,32.71%,$0.59B,$0.17B,28.11%,$0.59B,$0.10B,17.72%,$0.10B,$0.35B,29.03%,$0.10B,$0.34B,29.89%,$0.10B,$0.87B,12.21%,$0.17B,$0.84B,20.23%,$150,$0,$150,$0,$72,$115,$35,$0,$35,$13,$22,$22,$22,$42,$40,$11,11,$1.95,$1.91,$14,$0,$0,$789,$24,$0,$10,$11,$82,$871,$31,$487,$0,$487,$518,$0,$257,$-4,$353,$871,$45,$4,$68,$72,$0,$0,$0,$0,$-11,$106,$-3,$-0,$-1,$0,$-122,$-122,$0,$-126,$87,$0,$87,$-64,$-64,$0,$1,$24,$3,$9,$0
21,2013-06-30,86.94,$30.08,2.89,$44.59,1.95,$39.98,2.17,$8.18,10.63,$0.77B,$0.04B,19.01,$0.45B,$0.35B,1.27,$0.58B,$0.58B,100.00%,$0.58B,$0.17B,28.99%,$0.58B,$0.18B,31.94%,$0.58B,$0.19B,33.51%,$0.58B,$0.17B,28.99%,$0.58B,$0.11B,18.23%,$0.11B,$0.35B,28.44%,$0.11B,$0.34B,29.25%,$0.11B,$0.84B,12.54%,$0.17B,$0.80B,20.84%,$145,$0,$145,$0,$75,$109,$37,$0,$37,$14,$23,$23,$23,$43,$41,$12,12,$1.93,$1.87,$11,$0,$0,$768,$24,$0,$10,$11,$75,$844,$40,$449,$0,$449,$489,$0,$262,$-3,$354,$844,$23,$2,$32,$34,$0,$0,$0,$1,$-1,$55,$-2,$-0,$-1,$0,$-65,$-65,$0,$-68,$49,$0,$49,$-37,$-37,$0,$0,$12,$-0,$4,$0
22,2013-03-31,85.87,$30.10,2.85,$42.37,2.03,$38.92,2.21,$7.94,10.81,$0.73B,$0.04B,17.19,$0.40B,$0.37B,1.09,$0.56B,$0.56B,100.00%,$0.56B,$0.17B,29.43%,$0.56B,$0.18B,32.45%,$0.56B,$0.19B,34.04%,$0.56B,$0.17B,29.43%,$0.56B,$0.11B,18.62%,$0.11B,$0.37B,27.91%,$0.11B,$0.36B,28.71%,$0.11B,$0.81B,12.82%,$0.17B,$0.77B,21.16%,$142,$0,$142,$0,$57,$81,$60,$0,$60,$22,$38,$38,$38,$68,$65,$13,13,$3.15,$3.07,$12,$0,$0,$734,$24,$0,$11,$12,$76,$809,$43,$400,$0,$400,$443,$0,$277,$-0,$366,$809,$104,$8,$115,$123,$0,$0,$0,$-1,$5,$232,$-7,$-1,$-2,$0,$-172,$-172,$0,$-182,$121,$0,$121,$-173,$-173,$0,$2,$-50,$1,$11,$0
23,2012-12-31,74.56,$28.64,2.6,$41.21,1.81,$35.50,2.1,$7.47,9.98,$0.81B,$0.03B,25.31,$0.49B,$0.36B,1.37,$0.57B,$0.57B,100.00%,$0.57B,$0.17B,29.25%,$0.57B,$0.18B,31.87%,$0.57B,$0.19B,33.27%,$0.57B,$0.17B,29.25%,$0.57B,$0.11B,18.39%,$0.11B,$0.36B,26.96%,$0.11B,$0.35B,27.72%,$0.11B,$0.88B,13.11%,$0.17B,$0.85B,21.77%,$150,$0,$150,$0,$74,$117,$33,$0,$33,$12,$21,$21,$21,$39,$37,$13,13,$1.61,$1.58,$17,$0,$0,$809,$24,$0,$11,$12,$75,$884,$32,$493,$0,$493,$525,$0,$281,$-3,$360,$884,$66,$6,$90,$97,$0,$0,$0,$-2,$-7,$156,$-5,$-0,$-1,$0,$-224,$-224,$0,$-231,$213,$0,$213,$-134,$-134,$0,$2,$82,$6,$7,$0
24,2012-09-30,67.45,$30.75,2.19,$38.78,1.74,$33.63,2.01,$7.19,9.38,$0.74B,$0.03B,25.61,$0.39B,$0.40B,0.97,$0.56B,$0.56B,100.00%,$0.56B,$0.16B,29.44%,$0.56B,$0.18B,32.14%,$0.56B,$0.19B,33.57%,$0.56B,$0.16B,29.44%,$0.56B,$0.10B,18.67%,$0.10B,$0.40B,25.40%,$0.10B,$0.39B,26.10%,$0.10B,$0.81B,13.35%,$0.16B,$0.78B,21.98%,$139,$0,$139,$0,$66,$103,$37,$0,$37,$14,$23,$23,$23,$43,$41,$13,13,$1.76,$1.72,$13,$0,$0,$742,$24,$0,$11,$10,$71,$813,$29,$387,$0,$387,$416,$0,$326,$-3,$397,$813,$46,$4,$53,$57,$0,$0,$0,$-0,$-8,$94,$-4,$-0,$-1,$0,$-124,$-124,$0,$-129,$107,$0,$107,$-72,$-72,$0,$1,$37,$2,$4,$0
25,2012-06-30,65.8,$29.24,2.25,$36.91,1.78,$33.00,1.99,$6.99,9.41,$0.71B,$0.04B,19.96,$0.35B,$0.38B,0.93,$0.55B,$0.55B,100.00%,$0.55B,$0.16B,29.82%,$0.55B,$0.18B,32.55%,$0.55B,$0.19B,34.18%,$0.55B,$0.16B,29.82%,$0.55B,$0.10B,18.91%,$0.10B,$0.38B,25.15%,$0.10B,$0.37B,25.87%,$0.10B,$0.77B,13.39%,$0.16B,$0.74B,22.07%,$133,$0,$133,$0,$69,$97,$36,$0,$36,$14,$23,$23,$23,$42,$40,$14,14,$1.66,$1.63,$13,$0,$0,$707,$24,$0,$11,$11,$64,$771,$35,$354,$0,$354,$389,$0,$317,$-5,$382,$771,$23,$2,$25,$27,$0,$0,$0,$-1,$-2,$48,$-2,$-0,$-0,$0,$-59,$-59,$0,$-61,$74,$0,$74,$-60,$-60,$0,$1,$15,$2,$2,$0
26,2012-03-31,61.25,$30.14,2.03,$35.09,1.75,$32.76,1.87,$6.63,9.24,$0.67B,$0.04B,18.2,$0.28B,$0.42B,0.67,$0.54B,$0.54B,100.00%,$0.54B,$0.16B,29.63%,$0.54B,$0.18B,32.41%,$0.54B,$0.19B,34.26%,$0.54B,$0.16B,29.63%,$0.54B,$0.10B,18.70%,$0.10B,$0.42B,23.88%,$0.10B,$0.41B,24.56%,$0.10B,$0.74B,13.29%,$0.16B,$0.70B,22.03%,$149,$0,$149,$0,$68,$88,$61,$0,$61,$23,$38,$38,$38,$66,$64,$15,15,$2.56,$2.50,$11,$0,$0,$671,$23,$0,$11,$11,$64,$735,$37,$279,$0,$279,$316,$0,$356,$-3,$419,$735,$101,$10,$108,$118,$0,$0,$0,$-0,$0,$219,$-7,$-1,$-3,$0,$-167,$-167,$0,$-178,$90,$0,$90,$-130,$-130,$0,$2,$-38,$3,$7,$0
27,2011-12-31,73.5,$29.58,2.48,$33.80,2.17,$30.79,2.39,$6.20,11.85,$0.73B,$0.03B,26.0,$0.33B,$0.44B,0.75,$0.53B,$0.53B,100.00%,$0.53B,$0.15B,28.98%,$0.53B,$0.17B,31.82%,$0.53B,$0.18B,33.90%,$0.53B,$0.15B,28.98%,$0.53B,$0.10B,18.37%,$0.10B,$0.44B,22.61%,$0.10B,$0.43B,23.26%,$0.10B,$0.80B,13.06%,$0.15B,$0.77B,21.57%,$136,$0,$136,$0,$66,$106,$30,$0,$30,$11,$20,$20,$20,$36,$34,$15,15,$1.33,$1.30,$14,$0,$0,$731,$23,$0,$11,$10,$65,$797,$28,$329,$0,$329,$357,$0,$384,$-6,$440,$797,$63,$8,$87,$95,$0,$0,$0,$-0,$-8,$150,$-5,$-1,$-2,$0,$-211,$-211,$0,$-219,$140,$0,$140,$-66,$-66,$0,$1,$75,$6,$5,$0
28,2011-09-30,55.95,$28.19,1.98,$32.63,1.71,$29.46,1.9,$6.02,9.29,$0.74B,$0.03B,23.12,$0.36B,$0.41B,0.87,$0.52B,$0.52B,100.00%,$0.52B,$0.15B,29.34%,$0.52B,$0.17B,32.24%,$0.52B,$0.18B,34.56%,$0.52B,$0.15B,29.34%,$0.52B,$0.10B,18.34%,$0.10B,$0.41B,22.47%,$0.10B,$0.40B,23.14%,$0.10B,$0.80B,13.06%,$0.15B,$0.77B,21.98%,$132,$0,$132,$0,$61,$95,$37,$0,$37,$13,$23,$23,$23,$44,$41,$15,15,$1.56,$1.52,$90,$0,$0,$742,$23,$0,$12,$9,$62,$804,$32,$360,$0,$360,$392,$0,$366,$-5,$413,$804,$43,$6,$52,$58,$0,$0,$0,$1,$-4,$98,$-3,$-0,$-2,$0,$-110,$-110,$0,$-115,$170,$0,$170,$-71,$-71,$0,$-77,$23,$5,$3,$0
29,2011-06-30,65.57,$27.94,2.35,$31.38,2.09,$27.98,2.34,$5.76,11.38,$0.65B,$0.04B,17.2,$0.25B,$0.42B,0.59,$0.50B,$0.50B,100.00%,$0.50B,$0.15B,28.97%,$0.50B,$0.16B,31.94%,$0.50B,$0.17B,34.33%,$0.50B,$0.15B,28.97%,$0.50B,$0.09B,18.25%,$0.09B,$0.42B,22.04%,$0.09B,$0.41B,22.72%,$0.09B,$0.71B,13.29%,$0.15B,$0.67B,22.22%,$123,$0,$123,$0,$64,$91,$32,$0,$32,$12,$20,$20,$20,$39,$36,$15,16,$1.30,$1.27,$10,$0,$0,$646,$24,$0,$12,$9,$59,$705,$38,$247,$0,$247,$285,$0,$368,$1,$420,$705,$20,$3,$24,$27,$0,$0,$0,$2,$3,$51,$-2,$-0,$-1,$0,$-59,$-59,$0,$-63,$59,$0,$59,$-45,$-45,$0,$0,$14,$2,$2,$0
30,2011-03-31,65.2,$28.17,2.31,$30.36,2.15,$27.39,2.38,$5.63,11.58,$0.61B,$0.04B,16.65,$0.19B,$0.44B,0.42,$0.49B,$0.49B,100.00%,$0.49B,$0.14B,29.33%,$0.49B,$0.16B,32.18%,$0.49B,$0.17B,34.62%,$0.49B,$0.14B,29.33%,$0.49B,$0.09B,18.53%,$0.09B,$0.44B,22.46%,$0.09B,$0.43B,23.18%,$0.09B,$0.67B,13.52%,$0.14B,$0.63B,22.58%,$137,$0,$137,$0,$62,$83,$54,$0,$54,$19,$34,$34,$34,$60,$57,$16,16,$2.16,$2.11,$8,$0,$0,$606,$23,$0,$12,$11,$61,$666,$36,$187,$0,$187,$224,$0,$395,$0,$443,$666,$91,$12,$97,$110,$0,$0,$0,$1,$-1,$200,$-6,$-1,$-3,$0,$-161,$-161,$0,$-171,$13,$0,$13,$-40,$-40,$0,$1,$-26,$3,$5,$0
31,2010-12-31,52.8,$26.24,2.01,$29.40,1.8,$26.23,2.01,$5.28,10.0,$0.67B,$0.04B,17.66,$0.28B,$0.42B,0.68,$0.48B,$0.48B,100.00%,$0.48B,$0.14B,29.08%,$0.48B,$0.15B,32.01%,$0.48B,$0.17B,34.73%,$0.48B,$0.14B,29.08%,$0.48B,$0.09B,18.20%,$0.09B,$0.42B,22.29%,$0.09B,$0.40B,23.06%,$0.09B,$0.74B,13.29%,$0.14B,$0.70B,22.46%,$126,$0,$126,$0,$61,$97,$29,$0,$29,$11,$18,$18,$18,$36,$33,$16,16,$1.15,$1.12,$13,$0,$0,$667,$23,$0,$12,$16,$68,$735,$38,$283,$0,$283,$321,$0,$378,$-1,$415,$735,$57,$9,$78,$87,$0,$0,$0,$-1,$-5,$138,$-5,$-1,$-3,$0,$-202,$-202,$0,$-210,$109,$0,$109,$-31,$-31,$0,$1,$80,$7,$4,$0
32,2010-09-30,44.16,$25.06,1.76,$28.34,1.56,$25.27,1.75,$5.05,8.74,$0.60B,$0.03B,21.96,$0.24B,$0.39B,0.62,$0.46B,$0.46B,100.00%,$0.46B,$0.13B,28.66%,$0.46B,$0.15B,31.68%,$0.46B,$0.16B,34.48%,$0.46B,$0.13B,28.66%,$0.46B,$0.08B,18.10%,$0.08B,$0.39B,22.51%,$0.08B,$0.38B,23.32%,$0.08B,$0.66B,13.31%,$0.13B,$0.63B,22.28%,$118,$0,$118,$0,$56,$87,$31,$0,$31,$10,$20,$20,$20,$38,$35,$16,16,$1.29,$1.26,$9,$0,$0,$598,$23,$0,$13,$14,$63,$662,$27,$242,$0,$242,$269,$0,$362,$-1,$392,$662,$39,$6,$47,$53,$0,$0,$0,$-2,$-13,$79,$-3,$-1,$-2,$0,$-106,$-106,$0,$-112,$70,$0,$70,$-33,$-33,$0,$-0,$37,$3,$2,$0
33,2010-06-30,38.31,$23.70,1.62,$27.32,1.4,$24.99,1.53,$4.68,8.19,$0.57B,$0.04B,14.35,$0.22B,$0.37B,0.59,$0.45B,$0.45B,100.00%,$0.45B,$0.13B,28.00%,$0.45B,$0.14B,30.89%,$0.45B,$0.15B,33.78%,$0.45B,$0.13B,28.00%,$0.45B,$0.08B,17.56%,$0.08B,$0.37B,22.10%,$0.08B,$0.36B,22.95%,$0.08B,$0.63B,12.94%,$0.13B,$0.59B,21.87%,$110,$0,$110,$0,$57,$80,$30,$0,$30,$11,$19,$19,$19,$36,$33,$16,16,$1.16,$1.14,$6,$0,$0,$570,$23,$0,$13,$12,$60,$629,$40,$218,$0,$218,$258,$0,$344,$-2,$371,$629,$19,$3,$21,$23,$0,$0,$0,$-1,$0,$42,$-2,$-0,$-1,$0,$-55,$-55,$0,$-57,$47,$0,$47,$-31,$-31,$0,$0,$16,$1,$1,$0
34,2010-03-31,36.08,$23.18,1.56,$26.74,1.35,$24.69,1.46,$4.44,8.13,$0.53B,$0.04B,13.52,$0.17B,$0.38B,0.45,$0.44B,$0.44B,100.00%,$0.44B,$0.12B,27.05%,$0.44B,$0.13B,30.00%,$0.44B,$0.15B,33.18%,$0.44B,$0.12B,27.05%,$0.44B,$0.08B,17.05%,$0.08B,$0.38B,21.85%,$0.08B,$0.37B,22.74%,$0.08B,$0.59B,12.64%,$0.12B,$0.55B,21.23%,$124,$0,$124,$0,$56,$75,$49,$0,$49,$19,$30,$30,$30,$56,$52,$16,17,$1.81,$1.77,$5,$0,$0,$534,$23,$0,$13,$12,$59,$593,$39,$171,$0,$171,$210,$0,$357,$-1,$383,$593,$74,$12,$92,$105,$0,$0,$0,$-2,$5,$184,$-5,$-1,$-3,$0,$-153,$-153,$0,$-162,$-29,$0,$-29,$4,$4,$0,$2,$-23,$-1,$5,$0
35,2009-12-31,35.83,$21.20,1.69,$26.11,1.37,$22.67,1.58,$4.40,8.14,$0.58B,$0.03B,19.05,$0.26B,$0.35B,0.76,$0.43B,$0.43B,100.00%,$0.43B,$0.11B,26.34%,$0.43B,$0.13B,29.60%,$0.43B,$0.14B,32.63%,$0.43B,$0.11B,26.34%,$0.43B,$0.07B,16.55%,$0.07B,$0.35B,22.08%,$0.07B,$0.33B,23.07%,$0.07B,$0.64B,12.32%,$0.11B,$0.61B,20.72%,$112,$0,$112,$0,$55,$89,$23,$0,$23,$9,$15,$15,$15,$30,$27,$16,17,$0.91,$0.89,$13,$0,$0,$581,$23,$0,$13,$10,$59,$640,$30,$262,$0,$262,$293,$0,$328,$-2,$347,$640,$44,$9,$75,$84,$0,$0,$0,$-1,$-3,$125,$-4,$-0,$-1,$0,$-180,$-180,$0,$-185,$65,$0,$65,$1,$1,$0,$0,$66,$13,$4,$0
36,2009-09-30,25.21,$20.24,1.25,$25.40,0.99,$20.81,1.21,$4.12,6.12,$0.52B,$0.03B,18.27,$0.22B,$0.33B,0.68,$0.42B,$0.42B,100.00%,$0.42B,$0.10B,25.00%,$0.42B,$0.12B,28.37%,$0.42B,$0.13B,31.49%,$0.42B,$0.10B,25.00%,$0.42B,$0.07B,15.63%,$0.07B,$0.33B,21.52%,$0.07B,$0.32B,22.59%,$0.07B,$0.58B,11.63%,$0.10B,$0.55B,19.65%,$104,$0,$104,$0,$51,$81,$24,$0,$24,$9,$15,$15,$15,$30,$27,$16,16,$0.90,$0.89,$7,$0,$0,$520,$23,$0,$14,$10,$60,$580,$28,$222,$0,$222,$251,$0,$313,$-3,$329,$580,$29,$6,$44,$50,$0,$0,$0,$-1,$-5,$75,$-3,$-0,$-1,$0,$-96,$-96,$0,$-100,$25,$0,$25,$0,$0,$0,$0,$26,$1,$2,$0
37,2009-06-30,19.91,$19.33,1.03,$24.61,0.81,$19.28,1.03,$3.88,5.13,$0.50B,$0.03B,15.15,$0.21B,$0.31B,0.68,$0.40B,$0.40B,100.00%,$0.40B,$0.10B,23.76%,$0.40B,$0.11B,27.48%,$0.40B,$0.12B,30.69%,$0.40B,$0.10B,23.76%,$0.40B,$0.06B,14.85%,$0.06B,$0.31B,21.00%,$0.06B,$0.30B,22.12%,$0.06B,$0.56B,11.02%,$0.10B,$0.53B,18.54%,$100,$0,$100,$0,$53,$77,$23,$0,$23,$9,$15,$15,$15,$30,$26,$16,16,$0.90,$0.90,$7,$0,$0,$501,$23,$0,$14,$10,$60,$560,$33,$214,$0,$214,$247,$0,$298,$-3,$314,$560,$15,$3,$19,$22,$0,$0,$0,$-0,$1,$37,$-1,$-0,$-0,$0,$-52,$-52,$0,$-54,$18,$0,$18,$0,$0,$0,$0,$18,$1,$1,$0
38,2009-03-31,17.1,$18.28,0.94,$23.82,0.72,$18.67,0.92,$3.71,4.61,$0.47B,$0.03B,14.26,$0.20B,$0.30B,0.67,$0.39B,$0.39B,100.00%,$0.39B,$0.09B,23.21%,$0.39B,$0.11B,27.30%,$0.39B,$0.12B,30.36%,$0.39B,$0.09B,23.21%,$0.39B,$0.06B,14.29%,$0.06B,$0.30B,20.57%,$0.06B,$0.28B,21.77%,$0.06B,$0.53B,10.59%,$0.09B,$0.49B,18.07%,$113,$0,$113,$0,$51,$70,$43,$0,$43,$17,$26,$26,$26,$50,$47,$16,16,$1.62,$1.61,$6,$0,$0,$467,$23,$0,$15,$10,$59,$526,$33,$197,$0,$197,$230,$0,$284,$-4,$296,$526,$56,$12,$90,$103,$0,$0,$0,$-0,$-5,$154,$-10,$-2,$-9,$0,$-129,$-129,$0,$-149,$-1,$0,$-1,$-6,$-6,$0,$1,$-6,$-1,$5,$0
39,2008-12-31,19.76,$16.65,1.19,$22.80,0.87,$17.29,1.14,$3.43,5.76,$0.51B,$0.02B,22.32,$0.28B,$0.27B,1.03,$0.38B,$0.38B,100.00%,$0.38B,$0.08B,21.84%,$0.38B,$0.10B,26.84%,$0.38B,$0.12B,31.05%,$0.38B,$0.08B,21.84%,$0.38B,$0.05B,13.68%,$0.05B,$0.27B,20.25%,$0.05B,$0.25B,21.53%,$0.05B,$0.57B,10.02%,$0.08B,$0.55B,16.85%,$99,$0,$99,$0,$51,$85,$14,$0,$14,$5,$9,$9,$9,$21,$18,$16,16,$0.55,$0.54,$7,$0,$0,$507,$23,$0,$15,$9,$61,$569,$23,$277,$0,$277,$299,$0,$257,$-4,$269,$569,$30,$9,$75,$85,$0,$0,$0,$-3,$-17,$98,$-8,$-2,$-9,$0,$-151,$-151,$0,$-169,$78,$0,$78,$-6,$-6,$0,$1,$72,$-0,$4,$0
40,2008-09-30,36.0,$0.00,0.0,$21.87,1.65,$16.34,2.2,$3.25,11.08,$0.46B,$0.02B,27.54,$0.24B,$0.26B,0.91,$0.37B,$0.37B,100.00%,$0.37B,$0.08B,22.49%,$0.37B,$0.10B,27.37%,$0.37B,$0.12B,31.44%,$0.37B,$0.08B,22.49%,$0.37B,$0.05B,13.55%,$0.05B,$0.26B,20.28%,$0.05B,$0.25B,21.65%,$0.05B,$0.52B,9.86%,$0.08B,$0.51B,17.25%,$92,$0,$92,$0,$48,$76,$16,$0,$16,$6,$10,$10,$10,$23,$20,$16,16,$0.61,$0.60,$8,$0,$0,$462,$23,$0,$15,$9,$60,$522,$17,$241,$0,$241,$258,$0,$248,$-0,$264,$522,$21,$6,$46,$52,$0,$0,$0,$-0,$-19,$54,$-6,$-1,$-8,$0,$-76,$-76,$0,$-91,$42,$0,$42,$-5,$-5,$0,$1,$38,$0,$3,$0
41,2008-06-30,33.67,$15.87,2.12,$20.88,1.61,$15.76,2.14,$3.20,10.52,$0.44B,$0.03B,15.88,$0.21B,$0.26B,0.81,$0.36B,$0.36B,100.00%,$0.36B,$0.08B,23.53%,$0.36B,$0.10B,28.29%,$0.36B,$0.12B,32.21%,$0.36B,$0.08B,23.53%,$0.36B,$0.05B,14.01%,$0.05B,$0.26B,21.28%,$0.05B,$0.24B,22.81%,$0.05B,$0.50B,10.17%,$0.08B,$0.47B,18.03%,$88,$0,$88,$0,$48,$70,$18,$0,$18,$7,$11,$11,$11,$25,$22,$16,17,$0.70,$0.68,$8,$0,$0,$440,$20,$0,$16,$10,$58,$498,$28,$210,$0,$210,$238,$0,$240,$1,$260,$498,$11,$3,$22,$25,$0,$0,$0,$1,$-8,$29,$-2,$-1,$-6,$0,$-32,$-32,$0,$-42,$12,$0,$12,$1,$1,$0,$1,$14,$1,$1,$0
42,2008-03-31,31.85,$14.39,2.21,$19.81,1.61,$15.22,2.09,$3.08,10.34,$0.42B,$0.04B,11.36,$0.22B,$0.23B,0.92,$0.35B,$0.35B,100.00%,$0.35B,$0.08B,24.35%,$0.35B,$0.10B,28.70%,$0.35B,$0.11B,32.46%,$0.35B,$0.08B,24.35%,$0.35B,$0.05B,14.49%,$0.05B,$0.23B,22.03%,$0.05B,$0.22B,23.70%,$0.05B,$0.49B,10.47%,$0.08B,$0.45B,18.51%,$101,$0,$101,$0,$47,$67,$35,$0,$35,$13,$22,$22,$22,$49,$42,$17,17,$1.29,$1.25,$8,$0,$0,$419,$19,$0,$15,$11,$67,$486,$37,$215,$0,$215,$252,$0,$233,$0,$234,$486,$50,$12,$70,$81,$0,$0,$0,$-1,$4,$136,$-8,$-2,$-3,$0,$-126,$-126,$0,$-139,$44,$0,$44,$-40,$-40,$0,$1,$5,$2,$5,$0
43,2007-12-31,26.98,$13.51,2.0,$18.71,1.44,$13.50,2.0,$2.81,9.6,$0.46B,$0.02B,21.83,$0.27B,$0.23B,1.2,$0.33B,$0.33B,100.00%,$0.33B,$0.08B,25.08%,$0.33B,$0.09B,28.40%,$0.33B,$0.10B,30.51%,$0.33B,$0.08B,25.08%,$0.33B,$0.05B,14.80%,$0.05B,$0.23B,22.05%,$0.05B,$0.21B,23.79%,$0.05B,$0.52B,10.68%,$0.08B,$0.50B,18.94%,$88,$0,$88,$0,$47,$74,$14,$0,$14,$7,$7,$7,$7,$19,$17,$17,17,$0.43,$0.43,$8,$0,$0,$459,$18,$0,$16,$9,$64,$523,$21,$273,$0,$273,$294,$0,$225,$-0,$228,$523,$29,$5,$59,$64,$0,$0,$0,$-0,$-9,$84,$-6,$-2,$-3,$0,$-154,$-154,$0,$-165,$102,$0,$103,$-20,$-20,$0,$0,$83,$2,$4,$0
44,2007-09-30,33.08,$12.97,2.55,$17.71,1.87,$12.44,2.66,$2.77,11.94,$0.40B,$0.02B,26.29,$0.23B,$0.22B,1.03,$0.32B,$0.32B,100.00%,$0.32B,$0.08B,25.24%,$0.32B,$0.09B,28.71%,$0.32B,$0.10B,30.91%,$0.32B,$0.08B,25.24%,$0.32B,$0.05B,15.46%,$0.05B,$0.22B,22.92%,$0.05B,$0.20B,24.84%,$0.05B,$0.46B,11.14%,$0.08B,$0.44B,19.01%,$80,$0,$80,$0,$41,$63,$17,$0,$17,$6,$10,$10,$10,$22,$20,$17,18,$0.61,$0.60,$6,$0,$0,$396,$17,$0,$16,$10,$63,$459,$15,$225,$0,$225,$240,$0,$218,$-0,$218,$459,$21,$3,$35,$39,$0,$0,$0,$-0,$-16,$44,$-4,$-1,$-2,$0,$-71,$-71,$0,$-79,$54,$0,$55,$-21,$-21,$0,$0,$34,$0,$3,$0
45,2007-06-30,42.73,$13.00,3.29,$16.69,2.56,$12.08,3.54,$2.69,15.88,$0.38B,$0.02B,16.8,$0.19B,$0.23B,0.85,$0.30B,$0.30B,100.00%,$0.30B,$0.08B,25.99%,$0.30B,$0.09B,29.28%,$0.30B,$0.10B,31.58%,$0.30B,$0.08B,25.99%,$0.30B,$0.05B,16.12%,$0.05B,$0.23B,22.50%,$0.05B,$0.21B,24.35%,$0.05B,$0.44B,11.72%,$0.08B,$0.42B,19.80%,$76,$0,$76,$0,$42,$59,$18,$0,$18,$7,$11,$11,$11,$22,$20,$18,18,$0.62,$0.61,$7,$0,$0,$381,$16,$0,$17,$11,$62,$443,$23,$193,$0,$193,$216,$0,$220,$0,$228,$443,$11,$2,$15,$17,$0,$0,$0,$-0,$-7,$21,$-2,$-1,$-2,$0,$-36,$-36,$0,$-41,$22,$-0,$22,$0,$0,$0,$0,$22,$2,$1,$0
46,2007-03-31,39.95,$12.32,3.24,$15.83,2.52,$11.89,3.36,$2.61,15.31,$0.36B,$0.02B,14.58,$0.17B,$0.22B,0.79,$0.29B,$0.29B,100.00%,$0.29B,$0.08B,26.37%,$0.29B,$0.09B,29.79%,$0.29B,$0.09B,31.85%,$0.29B,$0.08B,26.37%,$0.29B,$0.05B,16.44%,$0.05B,$0.22B,22.17%,$0.05B,$0.20B,23.97%,$0.05B,$0.41B,12.14%,$0.08B,$0.39B,20.38%,$87,$0,$87,$0,$41,$53,$34,$0,$34,$13,$21,$21,$21,$38,$37,$18,18,$1.19,$1.16,$6,$0,$0,$356,$14,$0,$16,$10,$55,$411,$24,$171,$0,$171,$196,$0,$210,$-0,$215,$411,$48,$6,$55,$61,$0,$0,$0,$-0,$1,$110,$-6,$-2,$-16,$0,$-96,$-96,$0,$-121,$71,$2,$72,$-59,$-59,$0,$-1,$12,$2,$4,$0
47,2006-12-31,46.95,$11.05,4.25,$14.94,3.14,$11.19,4.2,$2.40,19.56,$0.39B,$0.02B,25.38,$0.24B,$0.19B,1.22,$0.28B,$0.28B,100.00%,$0.28B,$0.07B,25.90%,$0.28B,$0.08B,29.14%,$0.28B,$0.09B,31.65%,$0.28B,$0.07B,25.90%,$0.28B,$0.05B,16.19%,$0.05B,$0.19B,20.91%,$0.05B,$0.18B,22.61%,$0.05B,$0.45B,11.98%,$0.07B,$0.43B,20.07%,$74,$0,$74,$0,$41,$63,$11,$0,$11,$4,$7,$7,$7,$16,$14,$18,18,$0.40,$0.39,$7,$0,$0,$393,$14,$0,$17,$11,$54,$446,$15,$237,$0,$237,$252,$0,$193,$-0,$194,$446,$27,$4,$45,$49,$0,$0,$0,$-1,$-9,$67,$-5,$-2,$-16,$0,$-123,$-123,$0,$-146,$136,$2,$138,$-55,$-55,$0,$-1,$82,$3,$3,$0
