,Date,Stock Price,Book Value per Share,Price to Book Ratio,TTM Sales per Share,Price to Sales Ratio,TTM FCF per Share,Price to FCF Ratio,TTM Net EPS,PE Ratio,Current Assets,Current Liabilities,Current Ratio,Long Term Debt,Shareholder's Equity_x,Debt to Equity Ratio,TTM Revenue_x,TTM Gross Profit,Gross Margin,TTM Revenue_y,TTM Operating Income,Operating Margin,TTM Revenue_x,TTM EBIT,EBIT Margin,TTM Revenue_y,TTM EBITDA,EBITDA Margin,TTM Revenue_x,TTM Pre-Tax Income,Pre-Tax Margin,TTM Revenue_y,TTM Net Income_x,Net Margin,TTM Net Income_y,Shareholder's Equity_y,Return on Equity,TTM Net Income_x,Tangible Equity,Return on Tangible Equity,TTM Net Income_y,Total Assets,Return on Assets,TTM Net Income,LT Investments & Debt,Return on Investment,revenue,cost-goods-sold,gross-profit,research-development-expenses,selling-general-administrative-expenses,operating-expenses,operating-income,total-non-operating-income-expense,pre-tax-income,total-provision-income-taxes,income-after-taxes,income-from-continuous-operations,net-income,ebitda,ebit,basic-shares-outstanding,shares-outstanding,eps-basic-net-earnings-per-share,eps-earnings-per-share-diluted,cash-on-hand,inventory,other-current-assets,total-current-assets,net-property-plant-equipment,long-term-investments,goodwill-intangible-assets-total,other-long-term-assets,total-long-term-assets,total-assets,total-current-liabilities,long-term-debt,other-non-current-liabilities,total-long-term-liabilities,total-liabilities,common-stock-net,retained-earnings-accumulated-deficit,comprehensive-income,total-share-holder-equity,total-liabilities-share-holders-equity,net-income-loss,total-depreciation-amortization-cash-flow,other-non-cash-items,total-non-cash-items,change-in-accounts-receivable,change-in-inventories,change-in-accounts-payable,change-in-assets-liabilities,total-change-in-assets-liabilities,cash-flow-from-operating-activities,net-change-in-property-plant-equipment,net-change-in-intangible-assets,net-acquisitions-divestitures,net-change-in-short-term-investments,net-change-in-long-term-investments,net-change-in-investments-total,investing-activities-other,cash-flow-from-investing-activities,net-long-term-debt,net-current-debt,debt-issuance-retirement-net-total,net-common-equity-issued-repurchased,net-total-equity-issued-repurchased,total-common-preferred-stock-dividends-paid,financial-activities-other,cash-flow-from-financial-activities,net-cash-flow,stock-based-compensation,common-stock-dividends-paid
0,2018-05-31,5.16,$4.87,1.06,$11.55,0.45,$-0.19,0.0,$0.40,12.9,$0.01B,$0.00B,2.84,$0.01B,$0.01B,0.42,$0.04B,$0.00B,11.43%,$0.04B,$0.00B,2.86%,$0.04B,$0.00B,2.86%,$0.04B,$0.00B,8.57%,$0.04B,$0.00B,2.86%,$0.04B,$0.00B,2.86%,$0.00B,$0.01B,7.41%,$0.00B,$0.01B,8.70%,$0.00B,$0.03B,4.00%,$0.00B,$0.02B,5.00%,$10,$8,$1,$0,$1,$9,$1,$-0,$1,$0,$0,$0,$0,$1,$1,$3,3,$0.16,$0.16,$5,$3,$0,$12,$11,$0,$2,$0,$13,$25,$4,$6,$0,$7,$11,$0,$10,$0,$14,$25,$1,$1,$-0,$1,$-1,$-0,$0,$-0,$-2,$0,$-1,$0,$0,$0,$0,$0,$0,$-1,$-1,$0,$-1,$0,$0,$-0,$1,$-1,$-1,$0,$-0
1,2018-02-28,5.11,$4.74,1.08,$11.57,0.44,$0.49,10.37,$0.16,31.96,$0.01B,$0.01B,2.63,$0.01B,$0.01B,0.42,$0.04B,$0.00B,11.43%,$0.04B,0,0.00%,$0.04B,0,0.00%,$0.04B,$0.00B,5.71%,$0.04B,0,0.00%,$0.04B,$0.00B,2.86%,$0.00B,$0.01B,7.55%,$0.00B,$0.01B,8.89%,$0.00B,$0.03B,4.00%,$0.00B,$0.02B,0.00%,$9,$8,$1,$0,$1,$9,$-0,$-0,$-0,$-1,$1,$1,$1,$0,$-0,$3,3,$0.18,$0.18,$4,$5,$0,$12,$11,$0,$2,$0,$13,$25,$5,$6,$0,$6,$11,$0,$10,$0,$14,$25,$1,$1,$-0,$0,$-1,$-1,$0,$0,$-2,$-1,$-1,$0,$0,$0,$0,$0,$1,$-0,$-1,$0,$-1,$0,$0,$0,$-0,$-1,$-2,$0,$0
2,2017-11-30,3.07,$4.54,0.68,$10.87,0.28,$1.65,1.86,$-0.14,0.0,$0.01B,$0.01B,2.34,$0.01B,$0.01B,0.46,$0.03B,$0.00B,9.38%,$0.03B,$-0.00B,-3.13%,$0.03B,$-0.00B,-3.13%,$0.03B,$0.00B,6.25%,$0.03B,$-0.00B,-3.13%,$0.03B,0,0.00%,$0.00B,$0.01B,0.00%,$0.00B,$0.01B,0.00%,$0.00B,$0.03B,0.00%,$-0.00B,$0.02B,-5.13%,$8,$7,$1,$0,$1,$7,$0,$-0,$0,$0,$0,$0,$0,$1,$0,$3,3,$0.03,$0.03,$6,$5,$0,$13,$11,$0,$2,$0,$13,$26,$6,$6,$0,$7,$13,$0,$9,$0,$13,$26,$0,$0,$0,$1,$0,$-2,$0,$0,$-0,$0,$-1,$0,$0,$0,$0,$0,$1,$0,$-0,$0,$-0,$0,$0,$0,$0,$-0,$0,$0,$0
3,2017-08-31,3.15,$4.54,0.69,$10.48,0.3,$2.48,1.27,$-0.28,0.0,$0.01B,$0.01B,2.51,$0.01B,$0.01B,0.41,$0.03B,$0.00B,6.67%,$0.03B,$-0.00B,-3.33%,$0.03B,$-0.00B,-3.33%,$0.03B,$0.00B,3.33%,$0.03B,$-0.00B,-6.67%,$0.03B,0,0.00%,$0.00B,$0.01B,0.00%,$0.00B,$0.01B,0.00%,$0.00B,$0.02B,0.00%,$-0.00B,$0.02B,-5.13%,$8,$8,$1,$0,$1,$8,$0,$-0,$0,$0,$0,$0,$0,$1,$0,$3,3,$0.03,$0.03,$6,$3,$0,$12,$10,$0,$2,$0,$13,$24,$5,$5,$0,$6,$11,$0,$9,$0,$13,$24,$-1,$2,$-0,$2,$1,$-0,$0,$0,$2,$3,$-1,$0,$0,$0,$0,$0,$0,$-1,$-1,$0,$-1,$0,$0,$0,$1,$-0,$2,$0,$0
4,2017-05-31,3.1,$4.48,0.69,$10.38,0.3,$2.58,1.2,$-0.32,0.0,$0.01B,$0.01B,2.37,$0.01B,$0.01B,0.44,$0.03B,$0.00B,3.33%,$0.03B,$-0.00B,-3.33%,$0.03B,$-0.00B,-3.33%,$0.03B,0,0.00%,$0.03B,$-0.00B,-6.67%,$0.03B,0,0.00%,$0.00B,$0.01B,0.00%,$0.00B,$0.01B,0.00%,$0.00B,$0.03B,0.00%,$-0.00B,$0.02B,-5.00%,$10,$9,$1,$0,$1,$10,$-0,$-0,$-0,$-0,$-0,$-0,$-0,$0,$-0,$3,3,$-0.08,$-0.08,$6,$3,$0,$12,$11,$0,$2,$0,$13,$25,$5,$6,$0,$7,$12,$0,$9,$0,$13,$25,$-1,$1,$-0,$1,$1,$0,$0,$-0,$2,$2,$-1,$0,$0,$0,$0,$0,$0,$-1,$-1,$0,$-1,$0,$0,$0,$1,$0,$2,$0,$0
5,2017-02-28,2.9,$4.57,0.63,$10.14,0.29,$3.23,0.9,$-0.21,0.0,$0.01B,$0.00B,2.83,$0.01B,$0.01B,0.46,$0.03B,$0.00B,3.45%,$0.03B,$-0.00B,-3.45%,$0.03B,$-0.00B,-3.45%,$0.03B,$0.00B,3.45%,$0.03B,$-0.00B,-6.90%,$0.03B,0,0.00%,$0.00B,$0.01B,0.00%,$0.00B,$0.01B,0.00%,$0.00B,$0.03B,0.00%,$-0.00B,$0.02B,-4.88%,$6,$6,$0,$0,$1,$7,$-1,$-0,$-1,$-0,$-0,$-0,$-0,$-0,$-1,$3,3,$-0.12,$-0.12,$6,$3,$0,$12,$11,$0,$2,$0,$13,$25,$4,$6,$0,$7,$11,$0,$9,$0,$13,$25,$-1,$1,$-0,$1,$1,$-0,$0,$0,$2,$1,$-0,$0,$0,$0,$0,$0,$0,$-0,$-1,$0,$-1,$0,$0,$0,$1,$1,$2,$0,$0
6,2016-11-30,2.9,$4.69,0.62,$10.87,0.27,$3.69,0.79,$-0.09,0.0,$0.01B,$0.00B,2.94,$0.01B,$0.01B,0.47,$0.03B,$0.00B,6.45%,$0.03B,0,0.00%,$0.03B,0,0.00%,$0.03B,$0.00B,3.23%,$0.03B,$-0.00B,-3.23%,$0.03B,0,0.00%,$0.00B,$0.01B,0.00%,$0.00B,$0.01B,0.00%,$0.00B,$0.03B,0.00%,$0.00B,$0.02B,0.00%,$6,$6,$0,$0,$1,$7,$-0,$-0,$-1,$-0,$-0,$-0,$-0,$0,$-0,$3,3,$-0.11,$-0.11,$5,$4,$0,$10,$11,$0,$2,$1,$15,$25,$3,$6,$0,$8,$11,$0,$10,$0,$14,$25,$-0,$0,$-0,$0,$3,$-0,$0,$0,$2,$2,$-0,$0,$0,$0,$0,$0,$0,$-0,$-0,$0,$-0,$0,$0,$0,$0,$-0,$1,$0,$0
7,2016-08-31,3.5,$4.79,0.73,$12.02,0.29,$3.53,0.99,$0.07,50.02,$0.01B,$0.00B,2.86,$0.01B,$0.01B,0.49,$0.04B,$0.00B,8.57%,$0.04B,0,0.00%,$0.04B,0,0.00%,$0.04B,$0.00B,5.71%,$0.04B,0,0.00%,$0.04B,0,0.00%,$0.00B,$0.01B,0.00%,$0.00B,$0.01B,0.00%,$0.00B,$0.03B,0.00%,$0.00B,$0.02B,0.00%,$8,$8,$0,$0,$1,$8,$-0,$-0,$-0,$-0,$-0,$-0,$-0,$0,$-0,$3,3,$-0.02,$-0.02,$4,$3,$0,$11,$11,$0,$2,$1,$15,$26,$4,$7,$0,$8,$12,$0,$10,$0,$14,$26,$0,$2,$-0,$2,$-1,$3,$0,$0,$1,$3,$-0,$0,$0,$0,$0,$0,$0,$-0,$-2,$0,$-2,$0,$0,$-0,$-1,$-3,$-0,$0,$-0
8,2016-05-31,2.88,$4.79,0.6,$12.22,0.24,$3.67,0.79,$0.07,41.17,$0.01B,$0.00B,3.35,$0.01B,$0.01B,0.51,$0.04B,$0.00B,8.33%,$0.04B,0,0.00%,$0.04B,0,0.00%,$0.04B,$0.00B,5.56%,$0.04B,0,0.00%,$0.04B,0,0.00%,$0.00B,$0.01B,0.00%,$0.00B,$0.01B,0.00%,$0.00B,$0.03B,0.00%,$0.00B,$0.02B,0.00%,$9,$8,$1,$0,$1,$9,$0,$-0,$0,$0,$0,$0,$0,$1,$0,$3,3,$0.03,$0.03,$6,$4,$0,$13,$12,$0,$2,$0,$14,$27,$4,$7,$0,$9,$13,$0,$10,$0,$14,$27,$0,$1,$0,$2,$1,$2,$0,$-0,$2,$4,$-0,$0,$0,$0,$0,$0,$0,$-0,$-1,$0,$-1,$0,$0,$-0,$0,$-1,$2,$0,$-0
9,2016-02-29,3.59,$4.75,0.76,$13.35,0.27,$3.03,1.19,$0.18,19.94,$0.01B,$0.01B,2.87,$0.01B,$0.01B,0.55,$0.04B,$0.00B,7.69%,$0.04B,$0.00B,2.56%,$0.04B,$0.00B,2.56%,$0.04B,$0.00B,5.13%,$0.04B,0,0.00%,$0.04B,0,0.00%,$0.00B,$0.01B,0.00%,$0.00B,$0.01B,0.00%,$0.00B,$0.03B,0.00%,$0.00B,$0.02B,4.55%,$8,$8,$1,$0,$1,$9,$-0,$-0,$-0,$-0,$0,$0,$0,$0,$-0,$3,3,$0.00,$0.00,$6,$5,$0,$13,$12,$0,$2,$0,$14,$28,$5,$8,$0,$9,$14,$0,$10,$0,$14,$28,$0,$1,$-0,$1,$1,$1,$0,$0,$2,$3,$-0,$0,$0,$0,$0,$0,$0,$-0,$-1,$0,$-1,$0,$0,$-0,$0,$-1,$2,$0,$-0
10,2015-11-30,4.14,$4.77,0.87,$14.43,0.29,$2.67,1.55,$0.33,12.55,$0.01B,$0.00B,3.09,$0.01B,$0.01B,0.57,$0.04B,$0.00B,9.30%,$0.04B,$0.00B,4.65%,$0.04B,$0.00B,4.65%,$0.04B,$0.00B,6.98%,$0.04B,$0.00B,2.33%,$0.04B,0,0.00%,$0.00B,$0.01B,0.00%,$0.00B,$0.01B,0.00%,$0.00B,$0.03B,0.00%,$0.00B,$0.02B,8.99%,$10,$9,$1,$0,$1,$10,$0,$-0,$0,$-0,$0,$0,$0,$1,$0,$3,3,$0.05,$0.05,$5,$5,$0,$13,$12,$0,$2,$0,$15,$28,$4,$8,$0,$10,$14,$0,$10,$0,$14,$28,$0,$0,$-0,$0,$0,$1,$0,$0,$1,$1,$-0,$0,$0,$0,$0,$0,$0,$-0,$-0,$0,$-0,$0,$0,$-0,$0,$-1,$1,$0,$-0
11,2015-08-31,5.31,$4.75,1.12,$14.52,0.37,$2.33,2.28,$0.34,15.62,$0.01B,$0.01B,2.8,$0.01B,$0.01B,0.6,$0.04B,$0.00B,9.30%,$0.04B,$0.00B,4.65%,$0.04B,$0.00B,4.65%,$0.04B,$0.00B,6.98%,$0.04B,$0.00B,2.33%,$0.04B,0,0.00%,$0.00B,$0.01B,0.00%,$0.00B,$0.01B,0.00%,$0.00B,$0.03B,0.00%,$0.00B,$0.02B,9.09%,$9,$8,$0,$0,$1,$9,$-0,$-0,$-0,$-0,$-0,$-0,$-0,$0,$-0,$3,3,$-0.02,$-0.01,$4,$6,$0,$14,$13,$0,$2,$0,$15,$29,$5,$8,$0,$10,$15,$0,$10,$0,$14,$29,$1,$2,$0,$2,$3,$-2,$0,$-0,$0,$3,$-0,$0,$0,$0,$0,$0,$0,$-0,$-2,$0,$-2,$0,$0,$-0,$0,$-2,$1,$0,$-0
12,2015-05-31,6.16,$4.80,1.28,$15.37,0.4,$2.54,2.42,$0.45,13.69,$0.01B,$0.01B,2.88,$0.01B,$0.01B,0.62,$0.05B,$0.01B,11.11%,$0.05B,$0.00B,6.67%,$0.05B,$0.00B,6.67%,$0.05B,$0.00B,8.89%,$0.05B,$0.00B,2.22%,$0.05B,0,0.00%,$0.00B,$0.01B,0.00%,$0.00B,$0.01B,0.00%,$0.00B,$0.03B,0.00%,$0.00B,$0.02B,13.64%,$12,$11,$1,$0,$1,$12,$1,$-0,$0,$0,$0,$0,$0,$1,$1,$3,3,$0.14,$0.14,$3,$6,$0,$14,$13,$0,$2,$0,$16,$29,$5,$9,$0,$11,$15,$0,$10,$0,$14,$29,$1,$1,$0,$2,$2,$-2,$0,$-0,$-1,$2,$-0,$0,$0,$0,$0,$0,$0,$-0,$-1,$0,$-1,$0,$0,$-0,$0,$-2,$0,$0,$-0
13,2015-02-28,5.78,$4.68,1.24,$14.79,0.39,$3.10,1.86,$0.42,13.76,$0.01B,$0.01B,2.73,$0.01B,$0.01B,0.6,$0.04B,$0.01B,11.36%,$0.04B,$0.00B,6.82%,$0.04B,$0.00B,6.82%,$0.04B,$0.00B,9.09%,$0.04B,$0.00B,4.55%,$0.04B,0,0.00%,$0.00B,$0.01B,0.00%,$0.00B,$0.01B,0.00%,$0.00B,$0.03B,0.00%,$0.00B,$0.02B,13.79%,$12,$10,$2,$0,$1,$11,$1,$-0,$1,$0,$0,$0,$0,$1,$1,$3,3,$0.16,$0.15,$4,$5,$0,$14,$13,$0,$2,$0,$15,$29,$5,$8,$0,$10,$15,$0,$10,$0,$14,$29,$1,$1,$0,$1,$2,$-1,$0,$-0,$-0,$2,$-0,$0,$0,$0,$0,$0,$0,$-0,$-1,$0,$-1,$0,$0,$-0,$0,$-1,$1,$0,$-0
14,2014-11-30,6.38,$4.54,1.41,$14.37,0.44,$3.30,1.94,$0.36,17.73,$0.01B,$0.01B,2.75,$0.01B,$0.01B,0.62,$0.04B,$0.00B,9.52%,$0.04B,$0.00B,7.14%,$0.04B,$0.00B,7.14%,$0.04B,$0.00B,9.52%,$0.04B,$0.00B,2.38%,$0.04B,0,0.00%,$0.00B,$0.01B,0.00%,$0.00B,$0.01B,0.00%,$0.00B,$0.03B,0.00%,$0.00B,$0.02B,13.79%,$10,$9,$1,$0,$1,$10,$0,$-0,$0,$0,$0,$0,$0,$1,$0,$3,3,$0.06,$0.06,$3,$5,$0,$13,$13,$0,$2,$0,$15,$28,$5,$8,$0,$10,$15,$0,$9,$0,$13,$28,$0,$1,$0,$1,$1,$-1,$0,$-0,$-0,$0,$-0,$0,$0,$0,$0,$0,$0,$-0,$-0,$0,$-0,$0,$0,$-0,$0,$-1,$-0,$0,$-0
15,2014-08-31,7.15,$4.51,1.59,$14.42,0.5,$3.64,1.96,$0.42,17.03,$0.01B,$0.01B,2.49,$0.01B,$0.01B,0.65,$0.04B,$0.00B,9.52%,$0.04B,$0.00B,9.52%,$0.04B,$0.00B,9.52%,$0.04B,$0.00B,9.52%,$0.04B,$0.00B,4.76%,$0.04B,0,0.00%,$0.00B,$0.01B,0.00%,$0.00B,$0.01B,0.00%,$0.00B,$0.03B,0.00%,$0.00B,$0.02B,18.18%,$11,$10,$1,$0,$1,$11,$1,$-0,$0,$0,$0,$0,$0,$1,$1,$3,3,$0.10,$0.09,$3,$4,$0,$13,$13,$0,$2,$0,$16,$29,$5,$9,$0,$11,$16,$0,$9,$0,$13,$29,$1,$2,$1,$3,$-1,$-0,$0,$0,$-0,$4,$-0,$0,$0,$0,$0,$0,$0,$-0,$-2,$0,$-2,$0,$0,$-0,$0,$-2,$1,$0,$-0
16,2014-05-31,7.44,$4.42,1.68,$13.67,0.54,$1.65,4.5,$0.37,20.1,$0.01B,$0.01B,2.49,$0.01B,$0.01B,0.69,$0.04B,$0.00B,10.00%,$0.04B,$0.00B,7.50%,$0.04B,$0.00B,7.50%,$0.04B,$0.00B,10.00%,$0.04B,$0.00B,5.00%,$0.04B,0,0.00%,$0.00B,$0.01B,0.00%,$0.00B,$0.01B,0.00%,$0.00B,$0.03B,0.00%,$0.00B,$0.02B,13.64%,$11,$9,$1,$0,$1,$10,$1,$-0,$1,$0,$0,$0,$0,$1,$1,$3,3,$0.11,$0.11,$4,$4,$0,$12,$14,$0,$2,$0,$16,$29,$5,$9,$0,$11,$16,$0,$9,$0,$13,$29,$1,$2,$1,$2,$0,$-0,$0,$0,$0,$4,$-0,$0,$0,$0,$0,$0,$0,$-0,$-1,$0,$-1,$0,$0,$-0,$0,$-2,$2,$0,$-0
17,2014-02-28,6.0,$4.33,1.38,$13.19,0.45,$-0.23,0.0,$0.30,20.0,$0.01B,$0.01B,2.35,$0.01B,$0.01B,0.74,$0.04B,$0.00B,10.53%,$0.04B,$0.00B,5.26%,$0.04B,$0.00B,5.26%,$0.04B,$0.00B,10.53%,$0.04B,$0.00B,2.63%,$0.04B,0,0.00%,$0.00B,$0.01B,0.00%,$0.00B,$0.01B,0.00%,$0.00B,$0.03B,0.00%,$0.00B,$0.02B,9.20%,$10,$9,$1,$0,$1,$10,$1,$-0,$0,$0,$0,$0,$0,$1,$1,$3,3,$0.09,$0.09,$3,$3,$0,$12,$14,$0,$2,$0,$17,$29,$5,$9,$0,$11,$16,$0,$9,$0,$13,$29,$1,$1,$0,$2,$-0,$-0,$0,$0,$0,$2,$-0,$0,$0,$0,$0,$0,$0,$-0,$-1,$0,$-1,$0,$0,$-0,$0,$-1,$1,$0,$-0
18,2013-11-30,5.51,$4.27,1.29,$12.09,0.46,$-1.65,0.0,$0.23,23.95,$0.01B,$0.01B,2.42,$0.01B,$0.01B,0.79,$0.04B,$0.00B,11.43%,$0.04B,$0.00B,2.86%,$0.04B,$0.00B,2.86%,$0.04B,$0.00B,11.43%,$0.04B,$0.00B,2.86%,$0.04B,0,0.00%,$0.00B,$0.01B,0.00%,$0.00B,$0.01B,0.00%,$0.00B,$0.03B,0.00%,$0.00B,$0.02B,4.88%,$10,$9,$1,$0,$1,$10,$1,$-0,$1,$0,$0,$0,$0,$1,$1,$3,3,$0.12,$0.12,$3,$3,$0,$11,$15,$0,$2,$0,$17,$28,$5,$10,$0,$11,$16,$0,$9,$0,$12,$28,$0,$1,$0,$1,$1,$-0,$0,$0,$0,$1,$-0,$0,$0,$0,$0,$0,$0,$-0,$-0,$0,$-0,$0,$0,$-0,$0,$-1,$1,$0,$-0
19,2013-08-31,6.12,$4.18,1.47,$11.54,0.53,$-2.13,0.0,$0.26,23.56,$0.01B,$0.01B,2.19,$0.01B,$0.01B,0.84,$0.03B,$0.00B,11.76%,$0.03B,$0.00B,2.94%,$0.03B,$0.00B,2.94%,$0.03B,$0.00B,11.76%,$0.03B,$0.00B,2.94%,$0.03B,0,0.00%,$0.00B,$0.01B,0.00%,$0.00B,$0.01B,0.00%,$0.00B,$0.03B,0.00%,$0.00B,$0.02B,5.13%,$9,$8,$1,$0,$1,$9,$0,$-0,$0,$0,$0,$0,$0,$1,$0,$3,3,$0.04,$0.04,$2,$3,$0,$11,$15,$0,$2,$0,$18,$29,$5,$10,$0,$11,$16,$0,$9,$0,$12,$29,$1,$2,$1,$2,$-0,$-0,$0,$-0,$-1,$2,$-4,$0,$0,$0,$0,$0,$0,$-4,$2,$0,$2,$0,$0,$-0,$0,$1,$-1,$0,$-0
20,2013-05-31,4.93,$4.16,1.18,$11.90,0.41,$-0.83,0.0,$0.42,11.73,$0.01B,$0.00B,2.48,$0.01B,$0.01B,0.77,$0.04B,$0.01B,14.29%,$0.04B,$0.00B,5.71%,$0.04B,$0.00B,5.71%,$0.04B,$0.00B,11.43%,$0.04B,$0.00B,5.71%,$0.04B,$0.00B,2.86%,$0.00B,$0.01B,8.33%,$0.00B,$0.01B,10.26%,$0.00B,$0.03B,4.08%,$0.00B,$0.02B,10.96%,$9,$8,$1,$0,$1,$9,$0,$-0,$0,$0,$0,$0,$0,$1,$0,$3,3,$0.04,$0.04,$3,$3,$0,$11,$14,$0,$2,$0,$16,$27,$4,$9,$0,$10,$15,$0,$9,$0,$12,$27,$1,$1,$0,$2,$1,$-0,$0,$-0,$-1,$2,$-4,$0,$0,$0,$0,$0,$0,$-4,$2,$0,$2,$0,$0,$-0,$0,$2,$-0,$0,$-0
21,2013-02-28,6.19,$4.14,1.5,$12.05,0.51,$-0.31,0.0,$0.59,10.5,$0.01B,$0.01B,1.63,$0.01B,$0.01B,0.43,$0.04B,$0.01B,17.14%,$0.04B,$0.00B,8.57%,$0.04B,$0.00B,8.57%,$0.04B,$0.00B,11.43%,$0.04B,$0.00B,8.57%,$0.04B,$0.00B,5.71%,$0.00B,$0.01B,17.02%,$0.00B,$0.01B,21.05%,$0.00B,$0.03B,8.70%,$0.00B,$0.02B,17.65%,$7,$6,$1,$0,$1,$7,$0,$-0,$0,$0,$0,$0,$0,$1,$0,$3,3,$0.02,$0.02,$3,$4,$0,$11,$12,$0,$2,$0,$14,$25,$7,$5,$0,$6,$13,$0,$9,$0,$12,$25,$0,$1,$0,$1,$1,$-1,$0,$-0,$-1,$1,$-3,$0,$0,$0,$0,$0,$0,$-3,$-1,$3,$2,$0,$0,$-0,$0,$2,$-0,$0,$-0
22,2012-11-30,6.34,$4.12,1.54,$12.04,0.53,$0.20,32.14,$0.63,10.06,$0.01B,$0.01B,2.32,$0.01B,$0.01B,0.46,$0.04B,$0.01B,17.14%,$0.04B,$0.00B,8.57%,$0.04B,$0.00B,8.57%,$0.04B,$0.00B,11.43%,$0.04B,$0.00B,8.57%,$0.04B,$0.00B,5.71%,$0.00B,$0.01B,17.39%,$0.00B,$0.01B,22.22%,$0.00B,$0.02B,9.20%,$0.00B,$0.02B,17.91%,$9,$7,$1,$0,$1,$8,$1,$-0,$1,$0,$0,$0,$0,$1,$1,$3,3,$0.15,$0.15,$2,$4,$0,$11,$10,$0,$2,$0,$13,$23,$5,$6,$0,$7,$11,$0,$9,$0,$12,$23,$0,$0,$0,$1,$1,$-1,$0,$-0,$-0,$1,$-1,$0,$0,$0,$0,$0,$0,$-1,$-0,$0,$-0,$0,$0,$-0,$0,$-0,$-0,$0,$-0
23,2012-08-31,6.32,$4.01,1.58,$11.19,0.56,$0.30,21.1,$0.52,12.16,$0.01B,$0.01B,2.29,$0.01B,$0.01B,0.47,$0.03B,$0.01B,18.75%,$0.03B,$0.00B,6.25%,$0.03B,$0.00B,6.25%,$0.03B,$0.00B,12.50%,$0.03B,$0.00B,6.25%,$0.03B,$0.00B,6.25%,$0.00B,$0.01B,17.78%,$0.00B,$0.01B,23.53%,$0.00B,$0.02B,9.64%,$0.00B,$0.02B,12.50%,$10,$8,$2,$0,$1,$9,$1,$-0,$1,$0,$1,$1,$1,$1,$1,$3,3,$0.21,$0.20,$3,$3,$0,$11,$9,$0,$2,$0,$12,$23,$5,$5,$0,$6,$11,$0,$8,$0,$12,$23,$1,$1,$1,$2,$-2,$-1,$0,$0,$-2,$2,$-1,$0,$0,$0,$0,$0,$0,$-1,$-1,$0,$-1,$0,$0,$-0,$0,$-2,$-0,$0,$-0
24,2012-05-31,4.53,$3.83,1.18,$10.25,0.44,$0.51,8.83,$0.43,10.54,$0.01B,$0.00B,2.33,$0.01B,$0.01B,0.43,$0.03B,$0.01B,17.24%,$0.03B,$0.00B,6.90%,$0.03B,$0.00B,6.90%,$0.03B,$0.00B,13.79%,$0.03B,$0.00B,6.90%,$0.03B,$0.00B,3.45%,$0.00B,$0.01B,9.30%,$0.00B,$0.01B,12.12%,$0.00B,$0.02B,5.13%,$0.00B,$0.02B,13.11%,$9,$8,$2,$0,$1,$8,$1,$-0,$1,$0,$1,$1,$1,$1,$1,$3,3,$0.21,$0.21,$1,$3,$0,$10,$8,$0,$2,$0,$11,$21,$4,$5,$0,$5,$10,$0,$8,$0,$11,$21,$1,$1,$1,$2,$-2,$-1,$0,$-1,$-3,$-0,$-0,$0,$0,$0,$0,$0,$0,$-0,$-1,$0,$-1,$0,$0,$-0,$0,$-1,$-2,$0,$-0
25,2012-02-29,4.59,$3.65,1.26,$9.26,0.5,$1.17,3.93,$0.36,12.75,$0.01B,$0.00B,2.32,$0.01B,$0.01B,0.46,$0.03B,$0.00B,14.81%,$0.03B,$0.00B,7.41%,$0.03B,$0.00B,7.41%,$0.03B,$0.00B,14.81%,$0.03B,$0.00B,7.41%,$0.03B,0,0.00%,$0.00B,$0.01B,0.00%,$0.00B,$0.01B,0.00%,$0.00B,$0.02B,0.00%,$0.00B,$0.02B,13.56%,$7,$6,$1,$0,$1,$7,$0,$-0,$0,$0,$0,$0,$0,$1,$0,$3,3,$0.06,$0.06,$2,$3,$0,$9,$8,$0,$2,$0,$11,$20,$4,$5,$0,$5,$9,$0,$7,$0,$11,$20,$0,$1,$0,$1,$-1,$-1,$0,$-0,$-1,$-0,$-0,$0,$0,$0,$0,$0,$0,$-0,$-1,$0,$-1,$0,$0,$-0,$0,$-1,$-1,$0,$-0
26,2011-11-30,4.63,$0.00,0.0,$8.80,0.53,$1.37,3.38,$0.34,13.62,$0.01B,$0.00B,2.47,$0.01B,$0.01B,0.46,$0.03B,$0.00B,15.38%,$0.03B,$0.00B,7.69%,$0.03B,$0.00B,7.69%,$0.03B,$0.00B,15.38%,$0.03B,$0.00B,7.69%,$0.03B,0,0.00%,$0.00B,$0.01B,0.00%,$0.00B,$0.01B,0.00%,$0.00B,$0.02B,0.00%,$0.00B,$0.02B,14.04%,$6,$5,$1,$0,$1,$6,$0,$-0,$0,$0,$0,$0,$0,$1,$0,$3,3,$0.04,$0.04,$3,$2,$0,$9,$0,$0,$2,$0,$2,$19,$3,$5,$0,$5,$9,$0,$7,$0,$11,$19,$0,$0,$0,$0,$0,$-0,$0,$0,$0,$1,$-0,$0,$0,$0,$0,$0,$0,$-0,$-0,$0,$-0,$0,$0,$-0,$0,$-0,$-0,$0,$-0
27,2011-08-31,4.69,$4.39,1.07,$8.67,0.54,$1.46,3.22,$0.32,14.67,$0.01B,$0.00B,2.54,$0.00B,$0.01B,0.38,$0.03B,$0.00B,15.38%,$0.03B,$0.00B,7.69%,$0.03B,$0.00B,7.69%,$0.03B,$0.00B,11.54%,$0.03B,$0.00B,7.69%,$0.03B,0,0.00%,$0.00B,$0.01B,0.00%,$0.00B,$0.01B,0.00%,$0.00B,$0.02B,0.00%,$0.00B,$0.01B,14.29%,$7,$6,$1,$0,$1,$7,$1,$-0,$1,$0,$0,$0,$0,$1,$1,$3,3,$0.12,$0.12,$3,$2,$0,$9,$7,$0,$2,$0,$9,$18,$3,$4,$0,$4,$8,$0,$7,$0,$10,$18,$1,$1,$1,$1,$-0,$0,$0,$-0,$-0,$3,$-0,$0,$0,$0,$0,$0,$0,$-0,$-1,$0,$-1,$0,$0,$-0,$0,$-2,$1,$0,$-0
28,2011-05-31,4.41,$0.00,0.0,$7.73,0.57,$1.32,3.34,$-0.07,0.0,$0.01B,$0.00B,2.64,$0.00B,$0.01B,0.38,$0.02B,$0.00B,8.70%,$0.02B,0,0.00%,$0.02B,0,0.00%,$0.02B,$0.00B,4.35%,$0.02B,$0.00B,8.70%,$0.02B,$-0.00B,-4.35%,$-0.00B,$0.01B,-10.00%,$-0.00B,$0.01B,-12.12%,$-0.00B,$0.02B,-5.88%,$0.00B,$0.01B,0.00%,$7,$5,$1,$0,$1,$6,$1,$-0,$1,$0,$0,$0,$0,$1,$1,$3,3,$0.14,$0.14,$2,$2,$0,$8,$0,$0,$2,$0,$2,$17,$3,$4,$0,$4,$7,$0,$7,$0,$10,$17,$1,$1,$0,$1,$0,$-0,$0,$-0,$-0,$2,$-0,$0,$0,$0,$0,$0,$0,$-0,$-1,$0,$-1,$0,$0,$-0,$0,$-1,$-0,$0,$-0
29,2011-02-28,4.11,$0.00,0.0,$7.12,0.58,$1.35,3.05,$-0.15,0.0,$0.01B,$0.00B,2.36,$0.00B,$0.01B,0.42,$0.02B,$0.00B,9.52%,$0.02B,$-0.00B,-4.76%,$0.02B,$-0.00B,-4.76%,$0.02B,$0.00B,4.76%,$0.02B,$0.00B,4.76%,$0.02B,$-0.00B,-4.76%,$-0.00B,$0.01B,-10.26%,$-0.00B,$0.01B,-12.50%,$-0.00B,$0.02B,-5.88%,$-0.00B,$0.01B,-7.27%,$6,$5,$1,$0,$1,$5,$0,$-0,$0,$0,$0,$0,$0,$1,$0,$3,3,$0.04,$0.04,$2,$2,$0,$7,$0,$0,$2,$0,$2,$17,$3,$4,$0,$4,$7,$0,$7,$0,$10,$17,$0,$1,$0,$1,$-0,$0,$0,$-0,$-0,$0,$-0,$0,$0,$0,$0,$0,$0,$-0,$-0,$0,$-0,$0,$0,$-0,$0,$-1,$-1,$0,$-0
30,2010-11-30,4.63,$0.00,0.0,$6.60,0.7,$1.83,2.54,$-0.18,0.0,$0.01B,$0.00B,2.3,$0.00B,$0.01B,0.41,$0.02B,$0.00B,10.53%,$0.02B,$-0.00B,-5.26%,$0.02B,$-0.00B,-5.26%,$0.02B,0,0.00%,$0.02B,$0.00B,5.26%,$0.02B,$-0.00B,-5.26%,$-0.00B,$0.01B,-10.53%,$-0.00B,$0.01B,-12.90%,$-0.00B,$0.02B,-5.80%,$-0.00B,$0.01B,-7.27%,$6,$5,$1,$0,$1,$5,$0,$-0,$0,$0,$0,$0,$0,$0,$0,$3,3,$0.02,$0.02,$3,$2,$0,$8,$0,$0,$0,$2,$3,$17,$3,$4,$0,$4,$7,$0,$7,$0,$10,$17,$0,$0,$0,$0,$0,$0,$0,$0,$0,$1,$-0,$0,$0,$0,$0,$0,$0,$-0,$0,$0,$-0,$0,$0,$-0,$0,$-0,$0,$0,$0
31,2010-08-31,3.21,$0.00,0.0,$6.19,0.52,$1.94,1.66,$-0.16,0.0,$0.01B,$0.00B,2.3,$0.00B,$0.01B,0.38,$0.02B,$0.00B,11.76%,$0.02B,$-0.00B,-5.88%,$0.02B,$-0.00B,-5.88%,$0.02B,$0.00B,5.88%,$0.02B,$0.00B,5.88%,$0.02B,$-0.00B,-5.88%,$-0.00B,$0.01B,-10.81%,$-0.00B,$0.01B,-13.33%,$-0.00B,$0.02B,-5.71%,$-0.00B,$0.01B,-7.27%,$4,$4,$-1,$0,$1,$5,$-1,$-0,$1,$0,$0,$-1,$-1,$-1,$-1,$2,2,$-0.27,$-0.27,$2,$2,$0,$8,$14,$0,$2,$0,$17,$17,$3,$4,$0,$4,$7,$0,$7,$0,$10,$17,$1,$1,$1,$1,$-0,$-0,$0,$-0,$-1,$2,$-0,$0,$0,$0,$0,$0,$0,$-0,$-2,$0,$-2,$0,$0,$0,$0,$-2,$-1,$0,$0
32,2010-05-31,1.82,$0.00,0.0,$6.06,0.3,$1.79,1.02,$0.12,15.14,$0.01B,$0.00B,1.97,$0.00B,$0.01B,0.42,$0.02B,$0.00B,23.53%,$0.02B,0,0.00%,$0.02B,0,0.00%,$0.02B,$0.00B,11.76%,$0.02B,0,0.00%,$0.02B,0,0.00%,$0.00B,$0.01B,0.00%,$0.00B,$0.01B,0.00%,$0.00B,$0.02B,0.00%,$0.00B,$0.01B,0.00%,$5,$4,$1,$0,$1,$4,$0,$-0,$0,$0,$0,$0,$0,$1,$0,$3,3,$0.06,$0.06,$4,$2,$0,$8,$0,$0,$2,$0,$3,$17,$4,$4,$0,$4,$8,$0,$7,$0,$9,$17,$0,$1,$0,$1,$0,$0,$0,$0,$-0,$1,$-0,$0,$0,$0,$0,$0,$0,$-0,$0,$0,$-1,$0,$0,$0,$0,$-1,$1,$0,$0
33,2010-02-28,1.54,$0.00,0.0,$6.10,0.25,$1.69,0.91,$0.06,25.63,$0.01B,$0.00B,1.86,$0.00B,$0.01B,0.48,$0.02B,$0.00B,23.53%,$0.02B,0,0.00%,$0.02B,0,0.00%,$0.02B,$0.00B,5.88%,$0.02B,0,0.00%,$0.02B,0,0.00%,$0.00B,$0.01B,0.00%,$0.00B,$0.01B,0.00%,$0.00B,$0.02B,0.00%,$0.00B,$0.01B,0.00%,$4,$3,$1,$0,$1,$4,$0,$-0,$0,$0,$0,$0,$0,$0,$0,$3,3,$0.01,$0.01,$4,$2,$0,$8,$0,$0,$2,$0,$3,$18,$4,$4,$0,$4,$9,$0,$6,$0,$9,$18,$0,$1,$0,$1,$0,$0,$0,$0,$1,$1,$-0,$0,$0,$0,$0,$0,$0,$-0,$0,$0,$-0,$0,$0,$0,$0,$-0,$1,$0,$0
34,2009-11-30,1.82,$0.00,0.0,$6.08,0.3,$0.93,1.96,$-0.06,0.0,$0.01B,$0.00B,1.92,$0.01B,$0.01B,0.51,$0.02B,$0.00B,17.65%,$0.02B,0,0.00%,$0.02B,0,0.00%,$0.02B,$0.00B,5.88%,$0.02B,0,0.00%,$0.02B,0,0.00%,$0.00B,$0.01B,0.00%,$0.00B,$0.01B,0.00%,$0.00B,$0.02B,0.00%,$0.00B,$0.01B,0.00%,$4,$3,$1,$0,$1,$4,$0,$-0,$0,$0,$0,$0,$0,$1,$0,$3,3,$0.04,$0.04,$4,$2,$0,$8,$0,$0,$0,$2,$3,$18,$4,$5,$0,$5,$9,$0,$6,$0,$9,$18,$0,$0,$0,$0,$0,$0,$0,$0,$0,$1,$0,$0,$0,$0,$0,$0,$0,$0,$0,$0,$-0,$0,$0,$0,$0,$-0,$1,$0,$0
35,2009-08-31,1.98,$0.00,0.0,$6.72,0.29,$0.59,3.33,$-0.06,0.0,$0.01B,$0.01B,1.75,$0.01B,$0.01B,0.54,$0.02B,$0.00B,15.79%,$0.02B,0,0.00%,$0.02B,0,0.00%,$0.02B,0,0.00%,$0.02B,0,0.00%,$0.02B,0,0.00%,$0.00B,$0.01B,0.00%,$0.00B,$0.01B,0.00%,$0.00B,$0.02B,0.00%,$0.00B,$0.01B,0.00%,$4,$3,$1,$0,$1,$4,$0,$-0,$0,$0,$0,$0,$0,$0,$0,$3,3,$0.01,$0.01,$3,$2,$0,$8,$14,$0,$2,$0,$17,$19,$5,$5,$0,$5,$9,$0,$6,$0,$9,$19,$-0,$1,$0,$1,$0,$0,$0,$0,$1,$2,$-0,$0,$0,$0,$0,$0,$0,$-0,$0,$0,$-0,$0,$0,$-0,$0,$-0,$1,$0,$0
36,2009-05-31,1.75,$0.00,0.0,$7.68,0.23,$0.36,4.79,$0.04,43.72,$0.01B,$0.00B,2.37,$0.01B,$0.01B,0.71,$0.02B,$0.00B,13.64%,$0.02B,$0.00B,4.55%,$0.02B,$0.00B,4.55%,$0.02B,$0.00B,4.55%,$0.02B,0,0.00%,$0.02B,0,0.00%,$0.00B,$0.01B,0.00%,$0.00B,$0.01B,0.00%,$0.00B,$0.02B,0.00%,$0.00B,$0.02B,6.67%,$5,$4,$1,$0,$1,$5,$0,$-0,$0,$0,$0,$0,$0,$0,$0,$3,3,$0.00,$0.00,$3,$2,$0,$8,$0,$0,$2,$0,$3,$19,$3,$6,$0,$6,$10,$0,$6,$0,$9,$19,$-0,$1,$0,$1,$0,$0,$0,$0,$1,$1,$-0,$0,$0,$0,$0,$0,$0,$-0,$0,$0,$0,$0,$0,$-0,$0,$-0,$1,$0,$0
37,2009-02-28,1.17,$0.00,0.0,$8.33,0.14,$0.26,4.52,$0.17,6.86,$0.01B,$0.00B,2.05,$0.01B,$0.01B,0.71,$0.02B,$0.00B,12.50%,$0.02B,$0.00B,8.33%,$0.02B,$0.00B,8.33%,$0.02B,$0.00B,8.33%,$0.02B,$0.00B,4.17%,$0.02B,0,0.00%,$0.00B,$0.01B,0.00%,$0.00B,$0.01B,0.00%,$0.00B,$0.02B,0.00%,$0.00B,$0.02B,13.79%,$4,$4,$0,$0,$1,$4,$-0,$-0,$-0,$-0,$-0,$-0,$-0,$-0,$-0,$3,3,$-0.11,$-0.11,$1,$3,$0,$8,$0,$0,$2,$0,$3,$19,$4,$6,$0,$6,$10,$0,$6,$0,$9,$19,$-0,$1,$0,$1,$0,$0,$0,$0,$-1,$-0,$-0,$0,$0,$0,$0,$0,$0,$-0,$0,$0,$0,$0,$0,$-0,$0,$0,$-1,$0,$0
38,2008-11-30,2.69,$0.00,0.0,$9.19,0.29,$0.77,3.5,$0.43,6.25,$0.01B,$0.00B,2.15,$0.01B,$0.01B,0.71,$0.03B,$0.00B,15.38%,$0.03B,$0.00B,11.54%,$0.03B,$0.00B,11.54%,$0.03B,$0.00B,11.54%,$0.03B,$0.00B,7.69%,$0.03B,0,0.00%,$0.00B,$0.01B,0.00%,$0.00B,$0.01B,0.00%,$0.00B,$0.02B,0.00%,$0.00B,$0.02B,21.43%,$6,$5,$1,$0,$1,$6,$0,$-0,$0,$0,$0,$0,$0,$0,$0,$3,3,$0.04,$0.04,$2,$3,$0,$9,$0,$0,$2,$0,$3,$20,$4,$6,$0,$6,$10,$0,$6,$0,$9,$20,$0,$0,$0,$0,$0,$0,$0,$0,$-0,$0,$-0,$0,$0,$0,$0,$0,$0,$-0,$0,$0,$0,$0,$0,$-0,$0,$0,$0,$0,$0
39,2008-08-31,6.48,$0.00,0.0,$9.17,0.71,$0.96,6.73,$0.53,12.23,$0.01B,$0.00B,1.98,$0.01B,$0.01B,0.57,$0.03B,$0.00B,15.38%,$0.03B,$0.00B,15.38%,$0.03B,$0.00B,15.38%,$0.03B,$0.00B,15.38%,$0.03B,$0.00B,11.54%,$0.03B,0,0.00%,$0.00B,$0.01B,0.00%,$0.00B,$0.01B,0.00%,$0.00B,$0.02B,0.00%,$0.00B,$0.01B,30.77%,$7,$6,$1,$0,$1,$6,$1,$-0,$0,$0,$0,$0,$0,$1,$1,$3,3,$0.11,$0.11,$2,$3,$0,$8,$13,$0,$2,$0,$16,$19,$4,$5,$0,$5,$10,$0,$7,$0,$9,$19,$1,$1,$0,$1,$0,$0,$0,$0,$-2,$2,$-1,$0,$0,$0,$0,$0,$0,$-1,$0,$0,$-0,$0,$0,$-0,$0,$-0,$0,$0,$0
40,2008-05-31,10.08,$0.00,0.0,$8.56,1.18,$1.13,8.93,$0.50,20.17,$0.01B,$0.00B,2.1,$0.00B,$0.01B,0.46,$0.02B,$0.00B,16.67%,$0.02B,$0.00B,12.50%,$0.02B,$0.00B,12.50%,$0.02B,$0.00B,16.67%,$0.02B,$0.00B,12.50%,$0.02B,0,0.00%,$0.00B,$0.01B,0.00%,$0.00B,$0.01B,0.00%,$0.00B,$0.02B,0.00%,$0.00B,$0.01B,24.49%,$7,$5,$1,$0,$1,$6,$1,$-0,$1,$0,$0,$0,$0,$1,$1,$3,3,$0.13,$0.13,$2,$2,$0,$8,$0,$0,$2,$0,$3,$17,$4,$4,$0,$4,$8,$0,$6,$0,$9,$17,$1,$1,$0,$1,$0,$0,$0,$0,$-2,$1,$-0,$0,$0,$0,$0,$0,$0,$-0,$0,$0,$-0,$0,$0,$-0,$0,$-1,$-0,$0,$0
41,2008-02-29,6.59,$0.00,0.0,$8.11,0.81,$1.08,6.08,$0.45,14.65,$0.01B,$0.00B,2.19,$0.00B,$0.01B,0.48,$0.02B,$0.00B,18.18%,$0.02B,$0.00B,9.09%,$0.02B,$0.00B,9.09%,$0.02B,$0.00B,18.18%,$0.02B,$0.00B,9.09%,$0.02B,0,0.00%,$0.00B,$0.01B,0.00%,$0.00B,$0.01B,0.00%,$0.00B,$0.02B,0.00%,$0.00B,$0.01B,17.02%,$6,$5,$1,$0,$1,$6,$1,$-0,$1,$0,$0,$0,$0,$1,$1,$3,3,$0.16,$0.15,$2,$2,$0,$8,$0,$0,$2,$0,$3,$16,$4,$4,$0,$4,$8,$0,$6,$0,$9,$16,$1,$0,$0,$0,$0,$0,$0,$0,$-1,$1,$0,$0,$0,$0,$0,$0,$0,$0,$0,$0,$-0,$0,$0,$-0,$0,$-0,$0,$0,$0
42,2007-11-30,4.78,$0.00,0.0,$7.44,0.64,$0.98,4.87,$0.36,13.28,$0.01B,$0.00B,2.24,$0.00B,$0.01B,0.52,$0.02B,$0.00B,20.00%,$0.02B,$0.00B,5.00%,$0.02B,$0.00B,5.00%,$0.02B,$0.00B,15.00%,$0.02B,$0.00B,5.00%,$0.02B,0,0.00%,$0.00B,$0.01B,0.00%,$0.00B,$0.01B,0.00%,$0.00B,$0.02B,0.00%,$0.00B,$0.01B,9.09%,$6,$5,$1,$0,$1,$5,$1,$0,$1,$0,$0,$0,$0,$1,$1,$3,3,$0.14,$0.14,$2,$2,$0,$7,$0,$0,$2,$0,$3,$16,$3,$4,$0,$4,$7,$0,$6,$0,$8,$16,$0,$0,$0,$0,$0,$0,$0,$0,$-0,$0,$0,$0,$0,$0,$0,$0,$0,$0,$0,$0,$-0,$0,$0,$-0,$0,$-0,$0,$0,$0
43,2007-08-31,3.81,$0.00,0.0,$6.83,0.56,$1.05,3.63,$0.27,14.1,$0.01B,$0.00B,1.96,$0.00B,$0.01B,0.42,$0.02B,$0.00B,22.22%,$0.02B,0,0.00%,$0.02B,0,0.00%,$0.02B,$0.00B,11.11%,$0.02B,0,0.00%,$0.02B,0,0.00%,$0.00B,$0.01B,0.00%,$0.00B,$0.01B,0.00%,$0.00B,$0.02B,0.00%,$0.00B,$0.01B,0.00%,$5,$4,$1,$0,$1,$5,$0,$-0,$0,$0,$0,$0,$0,$1,$0,$3,3,$0.08,$0.08,$2,$2,$0,$7,$10,$0,$2,$0,$14,$15,$4,$3,$0,$3,$7,$0,$5,$0,$8,$15,$1,$1,$0,$1,$0,$0,$0,$0,$-0,$1,$-0,$0,$0,$0,$0,$0,$0,$-0,$0,$0,$-0,$0,$0,$-0,$0,$-1,$0,$0,$0
44,2007-05-31,4.05,$0.00,0.0,$6.57,0.62,$1.02,3.96,$0.25,16.21,$0.01B,$0.00B,2.21,$0.00B,$0.01B,0.4,$0.02B,$0.00B,23.53%,$0.02B,0,0.00%,$0.02B,0,0.00%,$0.02B,$0.00B,5.88%,$0.02B,0,0.00%,$0.02B,0,0.00%,$0.00B,$0.01B,0.00%,$0.00B,$0.01B,0.00%,$0.00B,$0.01B,0.00%,$0.00B,$0.01B,0.00%,$5,$4,$1,$0,$1,$5,$0,$-0,$0,$0,$0,$0,$0,$1,$0,$3,3,$0.09,$0.08,$1,$1,$0,$6,$0,$0,$2,$0,$3,$13,$3,$3,$0,$3,$6,$0,$5,$0,$8,$13,$1,$0,$0,$0,$0,$0,$0,$0,$-0,$1,$-0,$0,$0,$0,$0,$0,$0,$-0,$0,$0,$-0,$0,$0,$-0,$0,$-1,$0,$0,$0
45,2007-02-28,2.62,$0.00,0.0,$6.23,0.42,$1.10,2.38,$0.23,11.4,$0.01B,$0.00B,2.32,$0.00B,$0.01B,0.35,$0.02B,$0.00B,25.00%,$0.02B,0,0.00%,$0.02B,0,0.00%,$0.02B,0,0.00%,$0.02B,0,0.00%,$0.02B,0,0.00%,$0.00B,$0.01B,0.00%,$0.00B,$0.01B,0.00%,$0.00B,$0.01B,0.00%,$0.00B,$0.01B,0.00%,$4,$4,$1,$0,$1,$4,$0,$-0,$0,$0,$0,$0,$0,$0,$0,$3,3,$0.06,$0.06,$1,$1,$0,$6,$0,$0,$2,$0,$4,$13,$2,$3,$0,$3,$5,$0,$5,$0,$8,$13,$0,$0,$0,$0,$0,$0,$0,$0,$-0,$0,$-0,$0,$0,$0,$0,$0,$0,$-0,$0,$0,$-0,$0,$0,$-0,$0,$-0,$0,$0,$0
46,2006-11-30,2.41,$0.00,0.0,$5.91,0.41,$1.12,2.15,$0.20,12.04,$0.01B,$0.00B,2.39,$0.00B,$0.01B,0.35,$0.02B,$0.00B,25.00%,$0.02B,0,0.00%,$0.02B,0,0.00%,$0.02B,0,0.00%,$0.02B,0,0.00%,$0.02B,0,0.00%,$0.00B,$0.01B,0.00%,$0.00B,$0.01B,0.00%,$0.00B,$0.01B,0.00%,$0.00B,$0.01B,0.00%,$4,$3,$1,$0,$0,$4,$0,$-0,$0,$0,$0,$0,$0,$0,$0,$3,3,$0.05,$0.05,$2,$1,$0,$5,$0,$0,$2,$0,$4,$12,$2,$3,$0,$3,$5,$0,$5,$0,$8,$12,$0,$0,$0,$0,$0,$0,$0,$0,$0,$1,$-0,$0,$0,$0,$0,$0,$0,$-0,$0,$0,$-0,$0,$0,$-0,$0,$-0,$0,$0,$0
