,Date,Stock Price,Book Value per Share,Price to Book Ratio,TTM Sales per Share,Price to Sales Ratio,TTM FCF per Share,Price to FCF Ratio,TTM Net EPS,PE Ratio,Current Assets,Current Liabilities,Current Ratio,Long Term Debt,Shareholder's Equity_x,Debt to Equity Ratio,TTM Revenue_x,TTM Gross Profit,Gross Margin,TTM Revenue_y,TTM Operating Income,Operating Margin,TTM Revenue_x,TTM EBIT,EBIT Margin,TTM Revenue_y,TTM EBITDA,EBITDA Margin,TTM Revenue_x,TTM Pre-Tax Income,Pre-Tax Margin,TTM Revenue_y,TTM Net Income_x,Net Margin,TTM Net Income_y,Shareholder's Equity_y,Return on Equity,TTM Net Income_x,Tangible Equity,Return on Tangible Equity,TTM Net Income_y,Total Assets,Return on Assets,TTM Net Income,LT Investments & Debt,Return on Investment,revenue,cost-goods-sold,gross-profit,research-development-expenses,selling-general-administrative-expenses,operating-expenses,operating-income,total-non-operating-income-expense,pre-tax-income,total-provision-income-taxes,income-after-taxes,income-from-continuous-operations,net-income,ebitda,ebit,basic-shares-outstanding,shares-outstanding,eps-basic-net-earnings-per-share,eps-earnings-per-share-diluted,cash-on-hand,inventory,other-current-assets,total-current-assets,net-property-plant-equipment,long-term-investments,goodwill-intangible-assets-total,other-long-term-assets,total-long-term-assets,total-assets,total-current-liabilities,long-term-debt,other-non-current-liabilities,total-long-term-liabilities,total-liabilities,common-stock-net,retained-earnings-accumulated-deficit,comprehensive-income,total-share-holder-equity,total-liabilities-share-holders-equity,net-income-loss,total-depreciation-amortization-cash-flow,other-non-cash-items,total-non-cash-items,change-in-accounts-receivable,change-in-inventories,change-in-accounts-payable,change-in-assets-liabilities,total-change-in-assets-liabilities,cash-flow-from-operating-activities,net-change-in-property-plant-equipment,net-change-in-intangible-assets,net-acquisitions-divestitures,net-change-in-short-term-investments,net-change-in-long-term-investments,net-change-in-investments-total,investing-activities-other,cash-flow-from-investing-activities,net-long-term-debt,net-current-debt,debt-issuance-retirement-net-total,net-common-equity-issued-repurchased,net-total-equity-issued-repurchased,total-common-preferred-stock-dividends-paid,financial-activities-other,cash-flow-from-financial-activities,net-cash-flow,stock-based-compensation,common-stock-dividends-paid
0,2018-09-30,47.15,$25.08,1.88,$13.58,3.47,$10.57,4.46,$3.23,14.6,$5.66B,$5.73B,0.99,$0.55B,$0.80B,0.68,$0.44B,$0.40B,90.41%,$0.44B,$0.15B,34.47%,$0.44B,0,0.00%,$0.44B,0,0.00%,$0.44B,$0.15B,34.47%,$0.44B,$0.10B,21.69%,$0.10B,$0.80B,12.51%,$0.10B,$0.61B,16.61%,$0.10B,$7.16B,1.34%,$0.15B,$1.34B,9.86%,$117,$12,$105,$0,$56,$68,$49,$0,$49,$10,$39,$39,$39,$0,$0,$32,32,$1.22,$1.20,$711,$0,$0,$5655,$46,$1201,$187,$71,$1505,$7160,$5731,$545,$85,$630,$6361,$1,$765,$-32,$799,$7160,$105,$21,$-8,$12,$-11,$0,$6,$-5,$-10,$107,$-5,$0,$0,$0,$-169,$-169,$-21,$-195,$-372,$-28,$-400,$1,$1,$-10,$483,$75,$-12,$2,$-10
1,2018-06-30,53.18,$24.25,2.19,$12.97,4.1,$10.56,5.04,$2.67,19.92,$5.63B,$5.44B,1.03,$0.83B,$0.77B,1.08,$0.42B,$0.38B,90.91%,$0.42B,$0.13B,32.06%,$0.42B,0,0.00%,$0.42B,0,0.00%,$0.42B,$0.13B,32.06%,$0.42B,$0.08B,18.42%,$0.08B,$0.77B,10.34%,$0.08B,$0.58B,13.82%,$0.08B,$7.11B,1.10%,$0.13B,$1.60B,8.30%,$107,$11,$96,$0,$60,$71,$36,$0,$36,$7,$29,$29,$29,$0,$0,$32,32,$0.91,$0.89,$703,$0,$0,$5625,$47,$1184,$187,$69,$1488,$7113,$5441,$826,$77,$903,$6344,$1,$729,$-26,$769,$7113,$66,$14,$-9,$5,$-1,$0,$3,$-13,$-11,$60,$-4,$0,$0,$0,$-144,$-144,$-4,$-152,$-80,$42,$-38,$1,$1,$-6,$115,$72,$-20,$1,$-6
2,2018-03-31,47.69,$23.32,2.05,$12.56,3.8,$10.58,4.51,$2.42,19.71,$5.55B,$5.33B,1.04,$0.81B,$0.75B,1.08,$0.41B,$0.37B,91.36%,$0.41B,$0.13B,31.85%,$0.41B,0,0.00%,$0.41B,0,0.00%,$0.41B,$0.13B,31.85%,$0.41B,$0.07B,17.04%,$0.07B,$0.75B,9.41%,$0.07B,$0.56B,12.67%,$0.07B,$6.99B,1.00%,$0.13B,$1.55B,7.72%,$115,$10,$105,$0,$57,$67,$48,$0,$48,$11,$37,$37,$37,$0,$0,$31,32,$1.19,$1.16,$711,$0,$0,$5553,$48,$1130,$188,$70,$1435,$6988,$5331,$807,$103,$911,$6242,$1,$704,$-21,$746,$6988,$37,$6,$-10,$-4,$13,$0,$2,$14,$29,$62,$-2,$0,$0,$1,$-84,$-83,$64,$-21,$-123,$97,$-26,$-1,$-1,$-3,$-25,$-54,$-13,$1,$-3
3,2017-12-31,47.56,$23.06,2.06,$11.74,4.05,$10.13,4.69,$1.85,25.71,$5.55B,$5.28B,1.05,$0.91B,$0.72B,1.26,$0.38B,$0.35B,91.29%,$0.38B,$0.11B,28.76%,$0.38B,0,0.00%,$0.38B,0,0.00%,$0.38B,$0.11B,28.76%,$0.38B,$0.05B,13.46%,$0.05B,$0.72B,7.05%,$0.05B,$0.54B,9.56%,$0.05B,$7.00B,0.74%,$0.11B,$1.63B,6.81%,$99,$9,$90,$0,$72,$81,$18,$0,$18,$28,$-10,$-10,$-10,$0,$0,$31,32,$-0.30,$-0.31,$724,$0,$0,$5551,$48,$1048,$188,$165,$1449,$7000,$5277,$910,$89,$999,$6275,$1,$670,$-8,$724,$7000,$50,$31,$37,$68,$13,$0,$-0,$-1,$12,$130,$-8,$0,$0,$-10,$-34,$-44,$-337,$-389,$-199,$-102,$-301,$-8,$-8,$-9,$480,$161,$-98,$3,$-9
4,2017-09-30,48.36,$23.59,2.05,$11.51,4.2,$8.60,5.62,$2.43,19.9,$5.44B,$5.13B,1.06,$0.93B,$0.74B,1.26,$0.37B,$0.34B,91.58%,$0.37B,$0.12B,32.07%,$0.37B,0,0.00%,$0.37B,0,0.00%,$0.37B,$0.12B,32.07%,$0.37B,$0.08B,21.47%,$0.08B,$0.74B,11.07%,$0.08B,$0.55B,15.08%,$0.08B,$6.88B,1.16%,$0.12B,$1.67B,7.16%,$97,$9,$89,$0,$57,$66,$32,$0,$32,$11,$21,$21,$21,$0,$0,$31,32,$0.65,$0.64,$733,$0,$0,$5441,$48,$1005,$189,$192,$1435,$6875,$5126,$933,$76,$1009,$6134,$1,$681,$-3,$741,$6875,$60,$24,$7,$31,$25,$0,$3,$-11,$17,$108,$-6,$0,$0,$0,$2,$2,$-227,$-231,$-211,$-60,$-271,$-7,$-7,$-7,$319,$35,$-89,$2,$-7
5,2017-06-30,44.92,$22.99,1.95,$11.14,4.03,$6.96,6.46,$2.20,20.42,$5.38B,$4.90B,1.1,$1.10B,$0.72B,1.52,$0.35B,$0.33B,91.81%,$0.35B,$0.11B,29.94%,$0.35B,0,0.00%,$0.35B,0,0.00%,$0.35B,$0.11B,29.94%,$0.35B,$0.07B,20.06%,$0.07B,$0.72B,10.12%,$0.07B,$0.53B,13.77%,$0.07B,$6.82B,1.05%,$0.11B,$1.82B,6.36%,$94,$8,$86,$0,$55,$63,$31,$0,$31,$11,$21,$21,$21,$0,$0,$31,32,$0.65,$0.64,$745,$0,$0,$5377,$48,$1017,$190,$191,$1445,$6822,$4901,$1098,$101,$1198,$6100,$1,$662,$-4,$723,$6822,$40,$16,$4,$21,$11,$0,$1,$-12,$-0,$60,$-3,$0,$0,$0,$17,$17,$-132,$-118,$-31,$-65,$-96,$-5,$-5,$-4,$86,$-19,$-77,$2,$-4
6,2017-03-31,45.44,$22.38,2.03,$10.78,4.22,$6.78,6.7,$2.14,21.24,$5.45B,$5.52B,0.99,$0.57B,$0.70B,0.8,$0.34B,$0.31B,92.28%,$0.34B,$0.10B,29.97%,$0.34B,0,0.00%,$0.34B,0,0.00%,$0.34B,$0.10B,29.97%,$0.34B,$0.07B,19.88%,$0.07B,$0.70B,9.93%,$0.07B,$0.51B,13.06%,$0.07B,$6.85B,1.03%,$0.10B,$1.27B,6.13%,$89,$8,$81,$0,$54,$61,$28,$0,$28,$9,$19,$19,$19,$0,$0,$31,32,$0.60,$0.59,$855,$0,$0,$5454,$49,$973,$190,$187,$1399,$6853,$5515,$566,$68,$634,$6149,$1,$644,$-7,$704,$6853,$19,$8,$5,$12,$20,$0,$2,$-5,$17,$48,$-2,$0,$0,$0,$25,$25,$-105,$-83,$-556,$5,$-551,$-2,$-2,$-2,$623,$68,$33,$1,$-2
7,2016-12-31,45.77,$21.90,2.09,$10.47,4.37,$5.93,7.72,$2.07,22.11,$5.34B,$4.87B,1.1,$1.14B,$0.69B,1.66,$0.32B,$0.30B,92.86%,$0.32B,$0.10B,30.12%,$0.32B,0,0.00%,$0.32B,0,0.00%,$0.32B,$0.10B,30.12%,$0.32B,$0.06B,19.88%,$0.06B,$0.69B,9.87%,$0.06B,$0.50B,12.54%,$0.06B,$6.77B,1.03%,$0.10B,$1.83B,5.74%,$88,$7,$81,$0,$54,$61,$27,$0,$27,$9,$18,$18,$18,$0,$0,$30,31,$0.58,$0.55,$822,$0,$0,$5338,$49,$997,$191,$190,$1427,$6765,$4870,$1137,$71,$1208,$6078,$1,$627,$-8,$687,$6765,$64,$30,$12,$41,$-22,$0,$0,$-4,$-25,$80,$-10,$0,$40,$-0,$-93,$-93,$-213,$-277,$273,$2,$274,$-12,$-12,$-8,$203,$457,$261,$3,$-8
8,2016-09-30,35.96,$22.09,1.63,$10.30,3.49,$5.94,6.05,$1.97,18.25,$5.24B,$4.82B,1.09,$1.06B,$0.69B,1.54,$0.31B,$0.29B,93.57%,$0.31B,$0.09B,29.58%,$0.31B,0,0.00%,$0.31B,0,0.00%,$0.31B,$0.09B,29.58%,$0.31B,$0.06B,19.29%,$0.06B,$0.69B,9.65%,$0.06B,$0.52B,11.82%,$0.06B,$6.63B,1.01%,$0.09B,$1.76B,5.83%,$83,$6,$77,$0,$57,$63,$20,$0,$20,$7,$13,$13,$13,$0,$0,$31,31,$0.42,$0.41,$813,$0,$0,$5237,$47,$1003,$173,$168,$1391,$6628,$4818,$1064,$54,$1117,$5936,$1,$611,$14,$692,$6628,$46,$21,$8,$29,$-22,$0,$3,$-0,$-19,$55,$-8,$0,$52,$0,$-43,$-43,$-137,$-136,$246,$-47,$198,$-11,$-11,$-5,$151,$333,$252,$2,$-5
9,2016-06-30,31.67,$20.89,1.52,$10.00,3.17,$6.31,5.02,$2.07,15.3,$4.55B,$4.05B,1.13,$1.12B,$0.62B,1.81,$0.30B,$0.28B,93.90%,$0.30B,$0.10B,32.20%,$0.30B,0,0.00%,$0.30B,0,0.00%,$0.30B,$0.10B,32.20%,$0.30B,$0.06B,20.68%,$0.06B,$0.62B,10.60%,$0.06B,$0.52B,12.45%,$0.06B,$5.83B,1.10%,$0.10B,$1.74B,6.50%,$77,$5,$72,$0,$46,$51,$26,$0,$26,$9,$17,$17,$17,$0,$0,$30,30,$0.59,$0.58,$704,$0,$0,$4552,$40,$996,$94,$152,$1282,$5834,$4045,$1118,$54,$1172,$5217,$1,$600,$16,$617,$5834,$33,$13,$3,$16,$8,$0,$1,$-7,$2,$52,$-4,$0,$0,$0,$-32,$-32,$-72,$-107,$316,$-77,$238,$-9,$-9,$-4,$-27,$198,$143,$1,$-4
10,2016-03-31,31.94,$20.24,1.58,$9.74,3.28,$5.42,5.89,$1.92,16.63,$4.40B,$4.20B,1.05,$0.84B,$0.60B,1.41,$0.28B,$0.27B,94.01%,$0.28B,$0.09B,30.99%,$0.28B,0,0.00%,$0.28B,0,0.00%,$0.28B,$0.09B,30.99%,$0.28B,$0.06B,19.72%,$0.06B,$0.60B,10.26%,$0.06B,$0.50B,11.91%,$0.06B,$5.69B,1.05%,$0.09B,$1.44B,6.42%,$74,$5,$69,$0,$45,$49,$24,$0,$24,$9,$16,$16,$16,$0,$0,$30,30,$0.53,$0.52,$590,$0,$0,$4398,$39,$997,$95,$156,$1287,$5685,$4198,$844,$46,$890,$5087,$1,$585,$11,$598,$5685,$16,$6,$3,$9,$2,$0,$1,$-9,$-7,$18,$-1,$0,$0,$1,$-41,$-39,$-29,$-69,$38,$-1,$38,$-9,$-9,$-2,$53,$80,$29,$1,$-2
11,2015-12-31,31.71,$19.50,1.63,$9.53,3.33,$4.61,6.87,$1.85,17.17,$4.35B,$4.15B,1.05,$0.81B,$0.58B,1.39,$0.27B,$0.26B,94.16%,$0.27B,$0.08B,30.66%,$0.27B,0,0.00%,$0.27B,0,0.00%,$0.27B,$0.08B,30.66%,$0.27B,$0.05B,19.34%,$0.05B,$0.58B,10.14%,$0.05B,$0.49B,11.62%,$0.05B,$5.59B,1.03%,$0.08B,$1.39B,6.33%,$77,$4,$73,$0,$51,$55,$22,$0,$22,$8,$14,$14,$14,$0,$0,$28,29,$0.47,$0.46,$561,$0,$0,$4346,$40,$942,$95,$162,$1239,$5585,$4146,$805,$54,$859,$5004,$1,$571,$1,$580,$5585,$54,$27,$7,$34,$-11,$0,$-0,$-1,$-13,$74,$-8,$0,$41,$-4,$-34,$-38,$-270,$-276,$264,$-0,$264,$-28,$-28,$-6,$26,$255,$53,$4,$-6
12,2015-09-30,28.18,$18.46,1.53,$9.10,3.1,$4.60,6.13,$1.83,15.43,$3.90B,$3.74B,1.04,$0.78B,$0.51B,1.54,$0.26B,$0.24B,93.82%,$0.26B,$0.08B,31.27%,$0.26B,0,0.00%,$0.26B,0,0.00%,$0.26B,$0.08B,31.27%,$0.26B,$0.05B,20.08%,$0.05B,$0.51B,10.40%,$0.05B,$0.45B,11.74%,$0.05B,$5.07B,1.04%,$0.08B,$1.28B,6.54%,$67,$4,$63,$0,$40,$44,$23,$0,$23,$8,$14,$14,$14,$0,$0,$28,28,$0.52,$0.51,$529,$0,$0,$3899,$35,$947,$56,$130,$1169,$5068,$3737,$777,$48,$825,$4562,$1,$558,$7,$506,$5068,$40,$17,$6,$23,$-2,$0,$1,$-3,$-4,$58,$-5,$0,$0,$1,$-32,$-31,$-167,$-203,$237,$-37,$200,$-26,$-26,$-4,$-4,$166,$21,$3,$-4
13,2015-06-30,26.71,$17.93,1.49,$8.94,2.99,$4.51,5.92,$1.73,15.47,$3.89B,$3.65B,1.07,$0.88B,$0.50B,1.75,$0.25B,$0.24B,93.68%,$0.25B,$0.08B,30.04%,$0.25B,0,0.00%,$0.25B,0,0.00%,$0.25B,$0.08B,30.04%,$0.25B,$0.05B,19.37%,$0.05B,$0.50B,9.95%,$0.05B,$0.44B,11.26%,$0.05B,$5.08B,1.00%,$0.08B,$1.38B,6.32%,$66,$4,$62,$0,$42,$46,$19,$0,$19,$7,$12,$12,$12,$0,$0,$28,29,$0.43,$0.43,$534,$0,$0,$3890,$35,$960,$57,$136,$1188,$5077,$3651,$878,$48,$926,$4577,$1,$545,$1,$500,$5077,$25,$11,$5,$16,$-18,$0,$1,$-1,$-18,$23,$-3,$0,$0,$0,$-51,$-51,$-140,$-194,$20,$310,$330,$-11,$-11,$-3,$-119,$197,$26,$2,$-3
14,2015-03-31,24.57,$17.88,1.37,$8.80,2.79,$4.76,5.16,$1.76,13.96,$3.75B,$3.64B,1.03,$0.76B,$0.51B,1.51,$0.25B,$0.23B,93.50%,$0.25B,$0.08B,31.30%,$0.25B,0,0.00%,$0.25B,0,0.00%,$0.25B,$0.08B,31.30%,$0.25B,$0.05B,20.33%,$0.05B,$0.51B,10.52%,$0.05B,$0.45B,11.83%,$0.05B,$4.95B,1.04%,$0.08B,$1.27B,6.47%,$64,$4,$60,$0,$40,$44,$20,$0,$20,$7,$13,$13,$13,$0,$0,$28,29,$0.46,$0.45,$506,$0,$0,$3754,$34,$964,$57,$137,$1193,$4946,$3638,$761,$43,$803,$4441,$0,$535,$8,$505,$4946,$13,$5,$2,$7,$-22,$0,$1,$-5,$-26,$-6,$-1,$0,$0,$0,$-42,$-42,$-31,$-74,$218,$-14,$203,$-0,$-0,$-1,$-123,$79,$-2,$1,$-1
15,2014-12-31,24.93,$17.34,1.44,$8.62,2.89,$5.95,4.19,$1.93,12.92,$3.71B,$3.78B,0.98,$0.54B,$0.49B,1.1,$0.24B,$0.22B,93.28%,$0.24B,$0.07B,30.67%,$0.24B,0,0.00%,$0.24B,0,0.00%,$0.24B,$0.07B,30.67%,$0.24B,$0.05B,22.69%,$0.05B,$0.49B,11.96%,$0.05B,$0.43B,13.39%,$0.05B,$4.85B,1.15%,$0.07B,$1.03B,6.21%,$62,$4,$58,$0,$39,$43,$19,$0,$19,$7,$13,$13,$13,$0,$0,$27,28,$0.45,$0.44,$508,$0,$0,$3705,$35,$919,$58,$137,$1148,$4853,$3778,$540,$46,$586,$4364,$1,$523,$4,$489,$4853,$54,$18,$-2,$16,$4,$0,$-0,$-6,$-2,$68,$-5,$0,$9,$0,$37,$37,$-68,$-27,$-237,$31,$-206,$-5,$-5,$-5,$198,$-18,$24,$5,$-5
16,2014-09-30,23.17,$16.90,1.37,$8.56,2.71,$5.72,4.05,$1.93,11.99,$3.65B,$3.61B,1.01,$0.66B,$0.48B,1.38,$0.23B,$0.22B,93.16%,$0.23B,$0.07B,31.62%,$0.23B,0,0.00%,$0.23B,0,0.00%,$0.23B,$0.07B,31.62%,$0.23B,$0.05B,22.65%,$0.05B,$0.48B,12.47%,$0.05B,$0.42B,13.89%,$0.05B,$4.78B,1.15%,$0.07B,$1.13B,6.11%,$61,$4,$57,$0,$39,$44,$18,$0,$18,$6,$11,$11,$11,$0,$0,$27,28,$0.42,$0.41,$471,$0,$0,$3651,$35,$902,$58,$137,$1132,$4783,$3608,$657,$42,$699,$4306,$0,$512,$-4,$476,$4783,$41,$13,$-3,$10,$6,$0,$2,$-6,$2,$53,$-2,$0,$-26,$0,$46,$46,$-52,$-34,$-126,$3,$-123,$34,$34,$-3,$60,$-32,$-13,$4,$-3
17,2014-06-30,23.8,$16.13,1.48,$8.59,2.77,$5.51,4.32,$2.04,11.69,$3.52B,$3.24B,1.08,$0.90B,$0.43B,2.08,$0.23B,$0.22B,93.13%,$0.23B,$0.08B,33.05%,$0.23B,0,0.00%,$0.23B,0,0.00%,$0.23B,$0.08B,33.05%,$0.23B,$0.06B,24.03%,$0.06B,$0.43B,14.02%,$0.06B,$0.39B,15.53%,$0.06B,$4.61B,1.24%,$0.08B,$1.33B,6.36%,$59,$4,$55,$0,$35,$39,$20,$0,$20,$7,$13,$13,$13,$0,$0,$27,27,$0.48,$0.46,$475,$0,$0,$3515,$34,$912,$38,$115,$1098,$4613,$3242,$899,$41,$939,$4181,$0,$501,$-3,$432,$4613,$30,$8,$-4,$4,$-4,$0,$2,$-4,$-6,$28,$-1,$0,$0,$0,$1,$1,$-83,$-83,$120,$-11,$109,$1,$1,$-2,$-61,$47,$-9,$2,$-2
18,2014-03-31,23.03,$15.30,1.51,$8.52,2.7,$5.69,4.05,$1.96,11.75,$3.42B,$3.30B,1.04,$0.80B,$0.41B,1.95,$0.23B,$0.21B,93.45%,$0.23B,$0.07B,32.31%,$0.23B,0,0.00%,$0.23B,0,0.00%,$0.23B,$0.07B,32.31%,$0.23B,$0.05B,23.14%,$0.05B,$0.41B,13.58%,$0.05B,$0.37B,15.04%,$0.05B,$4.55B,1.18%,$0.07B,$1.21B,6.26%,$56,$4,$52,$0,$37,$40,$16,$0,$16,$-1,$17,$17,$17,$0,$0,$27,27,$0.63,$0.62,$440,$0,$0,$3424,$34,$929,$39,$120,$1122,$4546,$3300,$799,$38,$837,$4137,$0,$490,$-13,$409,$4546,$17,$4,$-4,$1,$13,$0,$1,$-5,$9,$26,$-1,$0,$0,$0,$-27,$-27,$-50,$-77,$17,$29,$45,$0,$0,$-1,$-39,$6,$-45,$1,$-1
19,2013-12-31,24.96,$14.35,1.74,$8.48,2.94,$4.77,5.23,$1.68,14.83,$3.43B,$3.29B,1.05,$0.79B,$0.38B,2.05,$0.23B,$0.21B,93.39%,$0.23B,$0.07B,32.16%,$0.23B,0,0.00%,$0.23B,0,0.00%,$0.23B,$0.07B,32.16%,$0.23B,$0.05B,19.82%,$0.05B,$0.38B,11.42%,$0.05B,$0.34B,12.58%,$0.05B,$4.52B,1.02%,$0.07B,$1.17B,6.41%,$58,$4,$54,$0,$35,$39,$20,$0,$20,$8,$12,$12,$12,$0,$0,$26,27,$0.45,$0.45,$484,$0,$0,$3432,$35,$890,$39,$120,$1084,$4516,$3285,$785,$41,$826,$4133,$0,$474,$-21,$383,$4516,$47,$17,$0,$18,$3,$0,$-0,$-10,$-7,$57,$-3,$0,$-4,$0,$25,$25,$-190,$-172,$262,$-13,$249,$4,$-48,$-6,$-96,$99,$-16,$4,$-6
20,2013-09-30,19.36,$14.09,1.37,$8.51,2.27,$6.34,3.05,$1.50,12.91,$3.36B,$3.27B,1.03,$0.76B,$0.37B,2.03,$0.23B,$0.21B,92.95%,$0.23B,$0.07B,28.63%,$0.23B,0,0.00%,$0.23B,0,0.00%,$0.23B,$0.07B,28.63%,$0.23B,$0.04B,17.62%,$0.04B,$0.37B,9.91%,$0.04B,$0.33B,10.85%,$0.04B,$4.44B,0.91%,$0.07B,$1.14B,6.00%,$60,$4,$56,$0,$35,$38,$21,$0,$21,$7,$14,$14,$14,$0,$0,$26,27,$0.52,$0.51,$502,$0,$0,$3355,$36,$881,$40,$131,$1088,$4443,$3265,$761,$43,$804,$4069,$0,$463,$-16,$374,$4443,$35,$13,$-2,$11,$13,$0,$2,$-17,$-1,$45,$-2,$0,$-4,$0,$46,$46,$-111,$-71,$224,$4,$228,$2,$-50,$-6,$-144,$28,$2,$2,$-6
21,2013-06-30,16.8,$14.93,1.13,$8.42,1.99,$6.93,2.43,$1.34,12.54,$3.37B,$3.16B,1.07,$0.82B,$0.40B,2.08,$0.22B,$0.21B,92.38%,$0.22B,$0.06B,26.46%,$0.22B,0,0.00%,$0.22B,0,0.00%,$0.22B,$0.06B,26.46%,$0.22B,$0.04B,15.70%,$0.04B,$0.40B,8.44%,$0.04B,$0.36B,9.18%,$0.04B,$4.41B,0.80%,$0.06B,$1.22B,5.67%,$55,$4,$52,$0,$35,$39,$17,$0,$17,$6,$11,$11,$10,$0,$0,$26,27,$0.39,$0.39,$550,$0,$0,$3369,$37,$853,$33,$116,$1040,$4409,$3156,$822,$36,$858,$4014,$0,$450,$-13,$395,$4409,$21,$8,$2,$11,$-1,$0,$2,$-1,$0,$32,$-2,$0,$0,$0,$44,$44,$-78,$-36,$-11,$287,$276,$1,$-19,$-3,$-213,$41,$37,$2,$-3
22,2013-03-31,15.56,$16.08,0.97,$8.88,1.75,$7.44,2.09,$1.21,12.9,$3.31B,$3.29B,1.01,$0.61B,$0.42B,1.44,$0.24B,$0.22B,91.49%,$0.24B,$0.05B,22.98%,$0.24B,0,0.00%,$0.24B,0,0.00%,$0.24B,$0.05B,22.98%,$0.24B,$0.03B,13.62%,$0.03B,$0.42B,7.69%,$0.03B,$0.39B,8.36%,$0.03B,$4.36B,0.74%,$0.05B,$1.04B,5.63%,$54,$4,$50,$0,$35,$39,$15,$0,$15,$5,$10,$10,$9,$0,$0,$26,27,$0.34,$0.34,$543,$0,$0,$3310,$38,$861,$33,$113,$1045,$4355,$3285,$611,$34,$645,$3930,$0,$441,$7,$424,$4355,$10,$5,$2,$7,$-4,$0,$1,$-12,$-15,$1,$-1,$0,$0,$0,$69,$69,$-21,$47,$79,$-15,$64,$0,$0,$-2,$-81,$-19,$30,$1,$-2
23,2012-12-31,13.48,$16.00,0.84,$9.00,1.5,$8.06,1.67,$1.09,12.41,$3.25B,$3.39B,0.96,$0.53B,$0.42B,1.25,$0.24B,$0.21B,90.30%,$0.24B,$0.05B,20.68%,$0.24B,0,0.00%,$0.24B,0,0.00%,$0.24B,$0.05B,20.68%,$0.24B,$0.03B,12.24%,$0.03B,$0.42B,7.08%,$0.03B,$0.39B,7.72%,$0.03B,$4.38B,0.68%,$0.05B,$0.95B,5.12%,$58,$5,$53,$0,$41,$46,$12,$0,$12,$4,$8,$8,$7,$0,$0,$26,26,$0.26,$0.26,$501,$0,$0,$3247,$38,$951,$33,$105,$1128,$4375,$3386,$527,$41,$568,$3954,$0,$433,$13,$421,$4375,$31,$17,$17,$34,$33,$-0,$-1,$5,$38,$103,$-8,$0,$0,$0,$-27,$-27,$-81,$-115,$-140,$60,$-80,$1,$1,$-7,$131,$45,$33,$2,$-7
24,2012-09-30,13.14,$15.95,0.82,$8.96,1.47,$7.01,1.88,$1.04,12.67,$3.15B,$3.27B,0.96,$0.55B,$0.42B,1.3,$0.24B,$0.21B,88.98%,$0.24B,$0.05B,19.49%,$0.24B,0,0.00%,$0.24B,0,0.00%,$0.24B,$0.05B,19.49%,$0.24B,$0.03B,11.44%,$0.03B,$0.42B,6.71%,$0.03B,$0.38B,7.34%,$0.03B,$4.26B,0.63%,$0.05B,$0.96B,4.66%,$56,$6,$51,$0,$36,$42,$15,$0,$15,$5,$10,$10,$9,$0,$0,$26,26,$0.36,$0.35,$460,$0,$0,$3147,$37,$940,$34,$103,$1114,$4261,$3266,$545,$33,$577,$3844,$0,$427,$17,$418,$4261,$24,$12,$13,$25,$7,$0,$4,$3,$14,$63,$-6,$0,$0,$0,$-23,$-23,$7,$-22,$-123,$50,$-73,$-1,$-1,$-5,$16,$-63,$-21,$2,$-5
25,2012-06-30,12.82,$15.39,0.83,$9.01,1.42,$6.95,1.84,$0.92,13.99,$3.17B,$3.27B,0.97,$0.49B,$0.40B,1.22,$0.24B,$0.21B,87.76%,$0.24B,$0.04B,17.30%,$0.24B,0,0.00%,$0.24B,0,0.00%,$0.24B,$0.04B,17.30%,$0.24B,$0.02B,10.13%,$0.02B,$0.40B,6.08%,$0.02B,$0.37B,6.66%,$0.02B,$4.19B,0.56%,$0.04B,$0.89B,4.03%,$67,$6,$61,$0,$49,$55,$12,$0,$12,$4,$7,$7,$7,$0,$0,$26,26,$0.25,$0.25,$480,$0,$0,$3167,$37,$841,$34,$114,$1025,$4192,$3270,$489,$32,$521,$3790,$0,$419,$9,$402,$4192,$14,$8,$11,$19,$12,$0,$3,$-1,$14,$47,$-4,$0,$0,$0,$63,$63,$2,$61,$-176,$50,$-126,$-0,$-0,$-3,$20,$-109,$-1,$1,$-3
26,2012-03-31,12.97,$15.18,0.85,$8.61,1.51,$6.90,1.88,$0.84,15.38,$3.22B,$3.27B,0.98,$0.63B,$0.40B,1.58,$0.23B,$0.19B,85.84%,$0.23B,$0.04B,16.37%,$0.23B,0,0.00%,$0.23B,0,0.00%,$0.23B,$0.04B,16.37%,$0.23B,$0.02B,9.73%,$0.02B,$0.40B,5.67%,$0.02B,$0.36B,6.22%,$0.02B,$4.33B,0.52%,$0.04B,$1.03B,3.42%,$56,$7,$49,$0,$39,$46,$10,$0,$10,$4,$6,$6,$6,$0,$0,$26,26,$0.22,$0.22,$472,$0,$0,$3216,$37,$925,$34,$116,$1111,$4327,$3268,$628,$34,$662,$3931,$0,$414,$10,$397,$4327,$6,$4,$7,$11,$2,$0,$2,$-2,$1,$19,$-2,$0,$0,$0,$-31,$-31,$-26,$-59,$-41,$25,$-16,$-0,$-0,$-2,$49,$32,$-8,$1,$-2
27,2011-12-31,11.34,$15.06,0.75,$8.50,1.34,$7.29,1.56,$0.75,15.06,$3.19B,$3.19B,1.0,$0.67B,$0.39B,1.72,$0.22B,$0.19B,84.75%,$0.22B,$0.03B,15.25%,$0.22B,0,0.00%,$0.22B,0,0.00%,$0.22B,$0.03B,15.25%,$0.22B,$0.02B,8.97%,$0.02B,$0.39B,5.24%,$0.02B,$0.36B,5.76%,$0.02B,$4.29B,0.48%,$0.03B,$1.07B,3.16%,$57,$7,$49,$0,$40,$47,$9,$0,$9,$3,$6,$6,$5,$0,$0,$26,26,$0.21,$0.21,$468,$0,$0,$3193,$36,$908,$34,$119,$1096,$4289,$3187,$674,$36,$710,$3897,$0,$409,$11,$392,$4289,$23,$11,$30,$41,$6,$0,$-1,$8,$13,$76,$-10,$0,$0,$0,$-96,$-96,$-175,$-281,$50,$-50,$-0,$1,$1,$-7,$302,$296,$91,$2,$-7
28,2011-09-30,9.93,$14.99,0.66,$8.56,1.16,$7.15,1.39,$0.59,16.73,$3.17B,$3.06B,1.04,$0.71B,$0.39B,1.82,$0.22B,$0.18B,83.94%,$0.22B,$0.03B,13.30%,$0.22B,0,0.00%,$0.22B,0,0.00%,$0.22B,$0.03B,12.84%,$0.22B,$0.02B,7.34%,$0.02B,$0.39B,4.26%,$0.02B,$0.35B,4.69%,$0.02B,$4.19B,0.39%,$0.03B,$1.09B,2.72%,$57,$8,$49,$0,$39,$47,$10,$0,$10,$3,$7,$7,$6,$0,$0,$26,26,$0.24,$0.23,$464,$0,$0,$3173,$36,$871,$35,$75,$1016,$4189,$3061,$705,$36,$741,$3802,$0,$404,$12,$387,$4189,$17,$8,$20,$28,$9,$0,$5,$5,$19,$64,$-8,$0,$0,$0,$-57,$-57,$-107,$-172,$80,$0,$80,$1,$1,$-5,$119,$195,$87,$1,$-5
29,2011-06-30,12.42,$14.56,0.85,$8.65,1.44,$7.17,1.73,$0.67,18.54,$3.17B,$3.01B,1.05,$0.77B,$0.38B,2.05,$0.22B,$0.18B,82.87%,$0.22B,$0.03B,14.81%,$0.22B,0,0.00%,$0.22B,0,0.00%,$0.22B,$0.03B,14.35%,$0.22B,$0.02B,8.33%,$0.02B,$0.38B,4.85%,$0.02B,$0.34B,5.26%,$0.02B,$4.15B,0.45%,$0.03B,$1.15B,3.08%,$56,$9,$47,$0,$39,$47,$8,$-0,$8,$2,$6,$6,$5,$0,$0,$26,26,$0.19,$0.18,$491,$0,$0,$3169,$34,$843,$35,$71,$983,$4152,$3007,$769,$0,$769,$3776,$0,$399,$7,$376,$4152,$10,$5,$15,$20,$12,$0,$4,$0,$17,$47,$-5,$0,$0,$0,$-39,$-39,$-73,$-118,$145,$0,$145,$1,$1,$-3,$43,$186,$114,$0,$-3
30,2011-03-31,14.72,$14.39,1.02,$9.00,1.64,$7.02,2.1,$0.61,24.13,$3.04B,$2.95B,1.03,$0.63B,$0.37B,1.71,$0.21B,$0.18B,81.78%,$0.21B,$0.03B,13.55%,$0.21B,0,0.00%,$0.21B,0,0.00%,$0.21B,$0.03B,13.08%,$0.21B,$0.02B,7.48%,$0.02B,$0.37B,4.49%,$0.02B,$0.34B,4.82%,$0.02B,$3.95B,0.41%,$0.03B,$1.01B,2.87%,$53,$9,$44,$0,$37,$46,$7,$-0,$7,$2,$4,$4,$4,$0,$0,$26,26,$0.14,$0.13,$394,$0,$0,$3042,$32,$770,$34,$73,$909,$3952,$2947,$634,$0,$634,$3581,$0,$396,$6,$371,$3952,$4,$2,$7,$10,$16,$0,$2,$-3,$15,$29,$-2,$0,$0,$0,$33,$33,$-36,$-6,$9,$0,$9,$0,$0,$-2,$-14,$-6,$18,$0,$-2
31,2010-12-31,14.78,$14.37,1.03,$9.41,1.57,$6.69,2.21,$0.47,31.46,$3.01B,$2.94B,1.03,$0.65B,$0.37B,1.76,$0.21B,$0.17B,80.28%,$0.21B,$0.02B,9.86%,$0.21B,0,0.00%,$0.21B,0,0.00%,$0.21B,$0.02B,9.39%,$0.21B,$0.01B,5.63%,$0.01B,$0.37B,3.53%,$0.01B,$0.33B,3.74%,$0.01B,$3.95B,0.31%,$0.02B,$1.02B,2.05%,$52,$9,$43,$0,$38,$48,$4,$-2,$3,$1,$2,$2,$1,$0,$0,$23,23,$0.06,$0.06,$377,$0,$0,$3011,$32,$803,$34,$73,$943,$3954,$2938,$648,$0,$648,$3586,$0,$393,$7,$368,$3954,$14,$7,$41,$48,$-3,$-0,$-1,$5,$0,$62,$-6,$0,$40,$0,$-20,$-20,$-31,$-16,$-124,$0,$-124,$49,$49,$-6,$90,$9,$55,$1,$-6
32,2010-09-30,11.65,$14.50,0.8,$9.88,1.18,$5.07,2.3,$0.39,29.88,$2.87B,$2.81B,1.02,$0.62B,$0.37B,1.68,$0.21B,$0.17B,78.87%,$0.21B,$0.02B,7.98%,$0.21B,0,0.00%,$0.21B,0,0.00%,$0.21B,$0.02B,7.98%,$0.21B,$0.01B,4.69%,$0.01B,$0.37B,3.09%,$0.01B,$0.36B,3.23%,$0.01B,$3.80B,0.26%,$0.02B,$0.99B,1.64%,$55,$10,$45,$0,$32,$42,$13,$-0,$13,$4,$8,$8,$8,$0,$0,$24,24,$0.32,$0.31,$335,$0,$0,$2870,$29,$820,$13,$66,$929,$3799,$2809,$620,$0,$620,$3429,$0,$393,$10,$370,$3799,$12,$5,$33,$38,$-3,$-0,$6,$2,$5,$55,$-4,$0,$0,$0,$-33,$-33,$-21,$-57,$-168,$0,$-168,$48,$48,$-5,$140,$15,$13,$1,$-5
33,2010-06-30,11.13,$14.74,0.75,$10.45,1.06,$4.56,2.44,$0.05,222.56,$2.84B,$2.76B,1.03,$0.72B,$0.32B,2.29,$0.21B,$0.16B,77.36%,$0.21B,$0.00B,1.89%,$0.21B,0,0.00%,$0.21B,0,0.00%,$0.21B,$0.00B,1.89%,$0.21B,$0.00B,0.47%,$0.00B,$0.32B,0.33%,$0.00B,$0.30B,0.34%,$0.00B,$3.79B,0.03%,$0.00B,$1.04B,0.39%,$54,$11,$43,$0,$38,$49,$5,$0,$5,$2,$3,$3,$3,$0,$0,$21,22,$0.12,$0.12,$322,$0,$0,$2839,$29,$840,$13,$70,$953,$3792,$2757,$720,$0,$720,$3477,$0,$386,$9,$315,$3792,$4,$3,$29,$32,$-7,$0,$5,$-0,$-3,$34,$-2,$0,$0,$0,$-56,$-56,$-5,$-63,$-41,$0,$-41,$1,$1,$-3,$73,$30,$0,$0,$-3
34,2010-03-31,12.04,$14.40,0.84,$10.81,1.11,$3.96,3.04,$-0.24,0.0,$2.85B,$2.75B,1.04,$0.76B,$0.31B,2.48,$0.21B,$0.16B,75.83%,$0.21B,$-0.01B,-2.37%,$0.21B,0,0.00%,$0.21B,0,0.00%,$0.21B,$-0.01B,-2.37%,$0.21B,$-0.01B,-2.37%,$-0.01B,$0.31B,-1.69%,$-0.01B,$0.29B,-1.73%,$-0.01B,$3.81B,-0.14%,$-0.01B,$1.07B,-0.48%,$52,$11,$40,$0,$41,$52,$-1,$0,$-1,$-1,$1,$1,$-0,$0,$0,$21,21,$-0.01,$-0.01,$323,$0,$0,$2847,$36,$844,$14,$71,$965,$3812,$2747,$759,$0,$759,$3506,$0,$384,$3,$307,$3812,$1,$1,$16,$17,$-1,$0,$-0,$-0,$-2,$16,$-1,$0,$0,$0,$-69,$-69,$-2,$-73,$2,$0,$2,$0,$0,$-2,$57,$58,$1,$0,$-2
35,2009-12-31,7.88,$14.21,0.55,$11.04,0.71,$3.90,2.02,$-0.10,0.0,$2.86B,$2.69B,1.06,$0.76B,$0.30B,2.5,$0.21B,$0.16B,74.16%,$0.21B,$-0.00B,-0.48%,$0.21B,0,0.00%,$0.21B,0,0.00%,$0.21B,$-0.00B,-0.48%,$0.21B,$-0.00B,-1.44%,$-0.00B,$0.30B,-1.04%,$-0.00B,$0.29B,-1.05%,$-0.00B,$3.75B,-0.08%,$-0.00B,$1.06B,-0.09%,$52,$12,$40,$0,$40,$52,$-0,$0,$-0,$-0,$0,$0,$-1,$0,$0,$19,19,$-0.03,$-0.03,$322,$0,$0,$2863,$36,$766,$14,$69,$885,$3749,$2692,$755,$0,$755,$3447,$0,$385,$-2,$302,$3749,$1,$7,$40,$47,$-5,$-1,$-3,$-17,$-26,$22,$-7,$0,$0,$0,$-158,$-158,$-84,$-249,$-203,$55,$-148,$26,$79,$-5,$375,$300,$73,$1,$-5
36,2009-09-30,8.16,$14.28,0.57,$10.99,0.74,$5.31,1.53,$-0.25,0.0,$2.86B,$2.62B,1.09,$0.65B,$0.30B,2.15,$0.21B,$0.15B,71.50%,$0.21B,$-0.01B,-3.38%,$0.21B,0,0.00%,$0.21B,0,0.00%,$0.21B,$-0.01B,-3.38%,$0.21B,$-0.01B,-2.42%,$-0.01B,$0.30B,-1.87%,$-0.01B,$0.30B,-1.90%,$-0.01B,$3.57B,-0.14%,$-0.01B,$0.95B,-0.64%,$54,$13,$41,$0,$41,$54,$-0,$0,$-0,$-0,$0,$0,$-1,$0,$0,$19,19,$-0.03,$-0.03,$290,$0,$0,$2856,$36,$612,$0,$69,$717,$3574,$2619,$651,$0,$651,$3270,$0,$387,$-2,$303,$3574,$1,$5,$36,$42,$-20,$-1,$16,$-1,$-7,$36,$-5,$0,$0,$0,$-5,$-5,$-98,$-108,$-280,$25,$-255,$26,$79,$-4,$294,$113,$41,$1,$-4
37,2009-06-30,8.33,$14.64,0.57,$10.95,0.76,$5.59,1.49,$0.08,99.96,$2.85B,$2.51B,1.14,$0.81B,$0.27B,2.97,$0.21B,$0.14B,68.93%,$0.21B,$0.00B,0.49%,$0.21B,0,0.00%,$0.21B,0,0.00%,$0.21B,$0.00B,0.49%,$0.21B,$0.00B,0.97%,$0.00B,$0.27B,0.81%,$0.00B,$0.27B,0.82%,$0.00B,$3.59B,0.06%,$0.00B,$1.08B,0.09%,$53,$13,$39,$0,$43,$56,$-4,$0,$-4,$-2,$-2,$-2,$-3,$0,$0,$19,19,$-0.17,$-0.17,$277,$0,$0,$2848,$36,$637,$0,$68,$740,$3588,$2509,$807,$0,$807,$3316,$0,$388,$-9,$272,$3588,$1,$3,$22,$26,$-15,$-0,$9,$-0,$-7,$19,$-4,$0,$0,$0,$-42,$-42,$-87,$-132,$-149,$25,$-124,$0,$53,$-2,$215,$141,$29,$0,$-2
38,2009-03-31,6.79,$14.83,0.46,$10.91,0.62,$6.69,1.01,$0.61,11.18,$2.76B,$2.39B,1.15,$0.88B,$0.28B,3.19,$0.21B,$0.14B,66.83%,$0.21B,$0.02B,7.32%,$0.21B,0,0.00%,$0.21B,0,0.00%,$0.21B,$0.02B,7.32%,$0.21B,$0.01B,5.85%,$0.01B,$0.28B,5.15%,$0.01B,$0.28B,5.24%,$0.01B,$3.54B,0.36%,$0.02B,$1.16B,1.26%,$50,$15,$35,$0,$32,$47,$3,$0,$3,$0,$3,$3,$2,$0,$0,$19,19,$0.13,$0.13,$202,$0,$0,$2757,$35,$683,$0,$68,$786,$3543,$2389,$879,$0,$879,$3268,$0,$392,$-9,$275,$3543,$3,$2,$8,$10,$-3,$0,$4,$0,$1,$14,$-2,$0,$0,$0,$-90,$-90,$-69,$-160,$-120,$55,$-65,$0,$53,$-1,$113,$100,$-47,$0,$-1
39,2008-12-31,14.5,$11.72,1.24,$11.25,1.29,$6.64,2.18,$0.86,16.86,$2.73B,$2.22B,1.23,$0.99B,$0.22B,4.58,$0.21B,$0.14B,63.68%,$0.21B,$0.02B,10.38%,$0.21B,0,0.00%,$0.21B,0,0.00%,$0.21B,$0.02B,10.38%,$0.21B,$0.02B,8.02%,$0.02B,$0.22B,7.79%,$0.02B,$0.20B,7.93%,$0.02B,$3.43B,0.52%,$0.02B,$1.21B,1.80%,$50,$17,$33,$0,$39,$56,$-6,$0,$-6,$-3,$-3,$-3,$-3,$0,$0,$18,19,$-0.18,$-0.18,$249,$0,$0,$2731,$35,$587,$16,$64,$702,$3433,$2224,$992,$0,$992,$3216,$0,$390,$-13,$217,$3433,$16,$6,$21,$28,$0,$2,$2,$-1,$3,$46,$-5,$0,$-12,$0,$-34,$-34,$-237,$-288,$-82,$0,$-82,$-2,$-2,$-3,$310,$223,$-19,$1,$-3
40,2008-09-30,18.08,$12.04,1.5,$11.74,1.54,$5.78,3.13,$1.41,12.82,$2.59B,$2.08B,1.24,$0.95B,$0.22B,4.26,$0.22B,$0.14B,60.99%,$0.22B,$0.04B,16.59%,$0.22B,0,0.00%,$0.22B,0,0.00%,$0.22B,$0.04B,16.59%,$0.22B,$0.03B,12.11%,$0.03B,$0.22B,12.46%,$0.03B,$0.22B,12.46%,$0.03B,$3.26B,0.84%,$0.04B,$1.17B,3.00%,$53,$18,$35,$0,$27,$45,$8,$0,$8,$3,$6,$6,$6,$0,$0,$18,19,$0.30,$0.29,$221,$0,$0,$2590,$35,$567,$0,$63,$665,$3255,$2081,$950,$0,$950,$3032,$0,$394,$-10,$223,$3255,$19,$5,$7,$12,$4,$0,$6,$-2,$9,$40,$-4,$0,$-2,$0,$-6,$-6,$-108,$-120,$-143,$0,$-143,$-0,$-0,$-2,$179,$34,$-46,$1,$-2
41,2008-06-30,13.41,$11.78,1.14,$12.06,1.11,$5.21,2.58,$1.48,9.06,$2.57B,$1.97B,1.3,$1.01B,$0.22B,4.65,$0.23B,$0.13B,58.26%,$0.23B,$0.04B,17.39%,$0.23B,0,0.00%,$0.23B,0,0.00%,$0.23B,$0.04B,17.39%,$0.23B,$0.03B,12.17%,$0.03B,$0.22B,13.22%,$0.03B,$0.22B,13.22%,$0.03B,$3.20B,0.88%,$0.04B,$1.23B,3.25%,$52,$18,$34,$0,$24,$42,$10,$0,$10,$4,$7,$7,$7,$0,$0,$18,19,$0.36,$0.36,$244,$0,$0,$2573,$35,$530,$0,$60,$625,$3198,$1972,$1009,$0,$1009,$2981,$0,$389,$-10,$217,$3198,$14,$3,$4,$7,$5,$0,$15,$-1,$19,$40,$-3,$0,$-2,$0,$31,$31,$-63,$-37,$-65,$0,$-65,$-2,$-2,$-1,$42,$-26,$-23,$0,$-1
42,2008-03-31,14.78,$11.74,1.26,$12.36,1.2,$4.07,3.63,$1.49,9.9,$2.53B,$1.91B,1.33,$1.05B,$0.22B,4.87,$0.24B,$0.13B,55.93%,$0.24B,$0.04B,17.37%,$0.24B,0,0.00%,$0.24B,0,0.00%,$0.24B,$0.04B,17.37%,$0.24B,$0.03B,11.86%,$0.03B,$0.22B,13.48%,$0.03B,$0.22B,13.48%,$0.03B,$3.18B,0.90%,$0.04B,$1.27B,3.42%,$57,$24,$33,$0,$23,$47,$10,$0,$10,$3,$7,$7,$7,$0,$0,$19,19,$0.39,$0.38,$251,$0,$0,$2528,$35,$553,$0,$59,$647,$3175,$1907,$1053,$0,$1053,$2959,$0,$383,$-4,$216,$3175,$7,$2,$1,$3,$3,$0,$1,$-1,$3,$13,$-2,$0,$0,$0,$18,$18,$-13,$3,$-14,$0,$-14,$-1,$-1,$-1,$-16,$-33,$-17,$0,$-1
43,2007-12-31,15.03,$11.42,1.32,$12.20,1.23,$3.90,3.86,$1.49,10.06,$2.54B,$1.93B,1.32,$1.06B,$0.21B,5.02,$0.24B,$0.13B,55.27%,$0.24B,$0.04B,18.14%,$0.24B,0,0.00%,$0.24B,0,0.00%,$0.24B,$0.04B,18.14%,$0.24B,$0.03B,12.24%,$0.03B,$0.21B,14.25%,$0.03B,$0.21B,14.25%,$0.03B,$3.20B,0.95%,$0.04B,$1.27B,3.77%,$61,$27,$34,$0,$24,$52,$9,$0,$9,$2,$7,$7,$7,$0,$0,$19,20,$0.40,$0.39,$268,$0,$0,$2536,$35,$571,$0,$58,$664,$3200,$1929,$1060,$0,$1060,$2989,$0,$377,$-4,$211,$3200,$30,$5,$6,$11,$-1,$0,$-3,$-4,$-8,$33,$-7,$0,$6,$0,$51,$51,$-221,$-171,$114,$2,$116,$-33,$-33,$-2,$84,$164,$26,$1,$-2
44,2007-09-30,18.64,$10.89,1.71,$11.86,1.57,$3.61,5.16,$1.49,12.51,$2.44B,$1.92B,1.27,$0.96B,$0.20B,4.73,$0.23B,$0.13B,54.70%,$0.23B,$0.05B,19.66%,$0.23B,0,0.00%,$0.23B,0,0.00%,$0.23B,$0.05B,19.66%,$0.23B,$0.03B,12.82%,$0.03B,$0.20B,14.72%,$0.03B,$0.20B,14.72%,$0.03B,$3.08B,1.00%,$0.05B,$1.16B,4.15%,$60,$27,$33,$0,$22,$50,$11,$0,$11,$3,$7,$7,$7,$0,$0,$19,19,$0.38,$0.37,$241,$0,$0,$2439,$35,$552,$0,$58,$645,$3084,$1921,$960,$0,$960,$2881,$0,$370,$-7,$203,$3084,$22,$5,$5,$10,$0,$0,$5,$-4,$2,$34,$-8,$0,$6,$0,$63,$63,$-146,$-85,$15,$2,$16,$-31,$-31,$-2,$67,$51,$-0,$1,$-2
45,2007-06-30,19.51,$10.65,1.83,$11.45,1.7,$2.84,6.88,$1.51,12.95,$2.39B,$1.93B,1.24,$0.89B,$0.20B,4.42,$0.23B,$0.12B,53.91%,$0.23B,$0.05B,20.43%,$0.23B,0,0.00%,$0.23B,0,0.00%,$0.23B,$0.05B,20.43%,$0.23B,$0.03B,13.48%,$0.03B,$0.20B,15.12%,$0.03B,$0.20B,15.12%,$0.03B,$3.02B,1.04%,$0.05B,$1.09B,4.12%,$58,$27,$32,$0,$20,$47,$11,$0,$11,$4,$7,$7,$7,$0,$0,$18,19,$0.38,$0.37,$264,$0,$0,$2389,$34,$538,$0,$57,$629,$3018,$1927,$889,$0,$889,$2817,$0,$363,$-10,$201,$3018,$15,$3,$1,$4,$3,$0,$2,$-3,$2,$21,$-6,$0,$-1,$0,$71,$71,$-66,$-0,$-50,$-23,$-73,$-26,$-26,$-1,$103,$2,$23,$0,$-1
46,2007-03-31,19.2,$10.57,1.82,$10.96,1.75,$2.66,7.22,$1.50,12.8,$2.30B,$1.91B,1.2,$0.84B,$0.20B,4.2,$0.23B,$0.12B,53.54%,$0.23B,$0.05B,21.24%,$0.23B,0,0.00%,$0.23B,0,0.00%,$0.23B,$0.05B,21.24%,$0.23B,$0.03B,13.72%,$0.03B,$0.20B,15.31%,$0.03B,$0.20B,15.31%,$0.03B,$2.95B,1.03%,$0.05B,$1.04B,3.98%,$58,$26,$32,$0,$20,$46,$12,$0,$12,$4,$8,$8,$8,$0,$0,$20,20,$0.40,$0.38,$226,$0,$0,$2295,$33,$563,$0,$56,$653,$2948,$1911,$837,$0,$837,$2748,$0,$357,$-7,$199,$2948,$8,$2,$0,$2,$2,$0,$2,$-2,$2,$12,$-3,$0,$-0,$0,$52,$52,$-12,$36,$-90,$-23,$-114,$-25,$-25,$-1,$75,$-64,$-16,$0,$-1
47,2006-12-31,19.91,$10.64,1.87,$10.50,1.9,$2.54,7.83,$1.47,13.54,$2.30B,$1.86B,1.24,$0.93B,$0.21B,4.38,$0.22B,$0.12B,53.67%,$0.22B,$0.05B,21.56%,$0.22B,0,0.00%,$0.22B,0,0.00%,$0.22B,$0.05B,21.56%,$0.22B,$0.03B,13.76%,$0.03B,$0.21B,15.09%,$0.03B,$0.21B,15.09%,$0.03B,$3.00B,1.00%,$0.05B,$1.14B,3.71%,$58,$27,$31,$0,$20,$46,$12,$-0,$12,$4,$8,$8,$8,$0,$0,$20,21,$0.38,$0.37,$242,$0,$0,$2300,$30,$611,$0,$56,$697,$2997,$1856,$929,$0,$929,$2785,$0,$347,$-9,$212,$2997,$30,$5,$4,$8,$-6,$0,$4,$-5,$-6,$32,$-11,$0,$-0,$0,$114,$114,$-241,$-138,$-225,$-10,$-234,$-3,$-3,$-2,$353,$113,$8,$1,$-2
