,Date,Stock Price,Book Value per Share,Price to Book Ratio,TTM Sales per Share,Price to Sales Ratio,TTM FCF per Share,Price to FCF Ratio,TTM Net EPS,PE Ratio,Current Assets,Current Liabilities,Current Ratio,Long Term Debt,Shareholder's Equity_x,Debt to Equity Ratio,TTM Revenue_x,TTM Gross Profit,Gross Margin,TTM Revenue_y,TTM Operating Income,Operating Margin,TTM Revenue_x,TTM EBIT,EBIT Margin,TTM Revenue_y,TTM EBITDA,EBITDA Margin,TTM Revenue_x,TTM Pre-Tax Income,Pre-Tax Margin,TTM Revenue_y,TTM Net Income_x,Net Margin,TTM Net Income_y,Shareholder's Equity_y,Return on Equity,TTM Net Income_x,Tangible Equity,Return on Tangible Equity,TTM Net Income_y,Total Assets,Return on Assets,TTM Net Income,LT Investments & Debt,Return on Investment,revenue,cost-goods-sold,gross-profit,research-development-expenses,selling-general-administrative-expenses,operating-expenses,operating-income,total-non-operating-income-expense,pre-tax-income,total-provision-income-taxes,income-after-taxes,income-from-continuous-operations,net-income,ebitda,ebit,basic-shares-outstanding,shares-outstanding,eps-basic-net-earnings-per-share,eps-earnings-per-share-diluted,cash-on-hand,inventory,other-current-assets,total-current-assets,net-property-plant-equipment,long-term-investments,goodwill-intangible-assets-total,other-long-term-assets,total-long-term-assets,total-assets,total-current-liabilities,long-term-debt,other-non-current-liabilities,total-long-term-liabilities,total-liabilities,common-stock-net,retained-earnings-accumulated-deficit,comprehensive-income,total-share-holder-equity,total-liabilities-share-holders-equity,net-income-loss,total-depreciation-amortization-cash-flow,other-non-cash-items,total-non-cash-items,change-in-accounts-receivable,change-in-inventories,change-in-accounts-payable,change-in-assets-liabilities,total-change-in-assets-liabilities,cash-flow-from-operating-activities,net-change-in-property-plant-equipment,net-change-in-intangible-assets,net-acquisitions-divestitures,net-change-in-short-term-investments,net-change-in-long-term-investments,net-change-in-investments-total,investing-activities-other,cash-flow-from-investing-activities,net-long-term-debt,net-current-debt,debt-issuance-retirement-net-total,net-common-equity-issued-repurchased,net-total-equity-issued-repurchased,total-common-preferred-stock-dividends-paid,financial-activities-other,cash-flow-from-financial-activities,net-cash-flow,stock-based-compensation,common-stock-dividends-paid
0,2018-09-30,178.1,$44.37,4.01,$132.78,1.34,$8.33,21.39,$6.59,27.03,$1.50B,$0.51B,2.95,$0.00B,$1.66B,0.0,$4.52B,$1.11B,24.60%,$4.52B,$0.37B,8.27%,$4.52B,$0.37B,8.27%,$4.52B,$0.40B,8.78%,$4.52B,$0.37B,8.21%,$4.52B,$0.23B,5.02%,$0.23B,$1.66B,14.27%,$0.23B,$1.11B,21.63%,$0.23B,$2.23B,10.46%,$0.37B,$1.66B,22.60%,$1296,$977,$319,$0,$200,$1174,$122,$-1,$121,$24,$97,$97,$73,$128,$122,$34,34,$2.12,$2.11,$68,$811,$21,$1502,$91,$0,$551,$87,$729,$2231,$509,$0,$0,$61,$570,$21,$643,$-38,$1661,$2231,$248,$17,$5,$22,$-126,$-51,$0,$1,$-199,$70,$-13,$0,$-6,$0,$-4,$-4,$0,$-22,$94,$0,$94,$2,$2,$-155,$-1,$-60,$-13,$15,$-155
1,2018-06-30,176.86,$42.87,4.13,$132.66,1.33,$12.03,14.71,$6.30,28.07,$1.62B,$0.52B,3.1,$0.14B,$1.60B,0.09,$4.45B,$1.09B,24.45%,$4.45B,$0.37B,8.22%,$4.45B,$0.37B,8.22%,$4.45B,$0.39B,8.73%,$4.45B,$0.36B,8.13%,$4.45B,$0.21B,4.80%,$0.21B,$1.60B,14.18%,$0.21B,$1.07B,22.10%,$0.21B,$2.33B,9.96%,$0.37B,$1.74B,22.27%,$1333,$1012,$321,$0,$187,$1195,$137,$-1,$137,$28,$108,$108,$83,$143,$137,$34,34,$2.41,$2.40,$72,$873,$17,$1621,$91,$0,$534,$79,$704,$2326,$523,$142,$0,$201,$724,$21,$618,$-40,$1602,$2326,$151,$11,$7,$18,$-183,$-114,$0,$1,$-188,$-19,$-9,$0,$0,$0,$0,$0,$0,$-9,$120,$2,$121,$3,$3,$-101,$-2,$21,$-8,$7,$-101
2,2018-03-31,178.12,$41.48,4.29,$132.90,1.34,$13.60,13.1,$5.97,29.84,$1.37B,$0.38B,3.63,$0.09B,$1.55B,0.06,$4.40B,$1.08B,24.52%,$4.40B,$0.36B,8.14%,$4.40B,$0.36B,8.14%,$4.40B,$0.38B,8.66%,$4.40B,$0.35B,8.03%,$4.40B,$0.20B,4.53%,$0.20B,$1.55B,13.93%,$0.20B,$1.01B,22.46%,$0.20B,$2.08B,9.45%,$0.36B,$1.64B,22.06%,$927,$696,$231,$0,$179,$873,$54,$-1,$53,$11,$42,$42,$30,$59,$54,$34,34,$0.89,$0.89,$58,$810,$17,$1372,$90,$0,$538,$76,$705,$2076,$378,$91,$0,$149,$527,$21,$582,$-38,$1550,$2076,$42,$6,$6,$12,$-10,$-50,$0,$1,$-96,$-42,$-3,$0,$0,$0,$0,$0,$0,$-3,$69,$0,$69,$3,$3,$-47,$-2,$23,$-22,$7,$-47
3,2017-12-31,166.17,$43.65,3.81,$132.59,1.25,$15.83,10.49,$5.79,28.7,$1.34B,$0.42B,3.21,$0.02B,$1.55B,0.01,$4.34B,$1.07B,24.55%,$4.34B,$0.35B,8.13%,$4.34B,$0.35B,8.13%,$4.34B,$0.38B,8.66%,$4.34B,$0.35B,7.99%,$4.34B,$0.19B,4.42%,$0.19B,$1.55B,14.30%,$0.19B,$1.01B,23.99%,$0.19B,$2.05B,9.27%,$0.35B,$1.57B,22.27%,$964,$723,$241,$0,$181,$903,$61,$-1,$60,$7,$53,$53,$41,$67,$61,$33,33,$1.21,$1.21,$80,$761,$17,$1337,$91,$0,$544,$74,$709,$2047,$416,$22,$0,$79,$496,$21,$595,$-34,$1551,$2047,$257,$22,$3,$25,$-2,$-73,$0,$-1,$24,$307,$-18,$0,$0,$0,$-64,$-64,$0,$-81,$-214,$0,$-214,$248,$248,$-164,$-73,$-202,$24,$13,$-164
4,2017-09-30,156.18,$37.27,4.19,$131.25,1.19,$14.37,10.87,$5.41,28.87,$1.44B,$0.46B,3.13,$0.29B,$1.33B,0.21,$4.29B,$1.05B,24.53%,$4.29B,$0.35B,8.15%,$4.29B,$0.35B,8.15%,$4.29B,$0.37B,8.67%,$4.29B,$0.34B,8.01%,$4.29B,$0.18B,4.15%,$0.18B,$1.33B,14.04%,$0.18B,$0.79B,24.48%,$0.18B,$2.15B,8.78%,$0.35B,$1.62B,22.39%,$1230,$934,$296,$0,$184,$1115,$114,$-2,$112,$32,$80,$80,$60,$120,$114,$33,33,$1.82,$1.82,$67,$786,$18,$1439,$91,$0,$546,$72,$709,$2148,$460,$285,$0,$356,$816,$21,$596,$-34,$1332,$2148,$205,$17,$13,$30,$-89,$-98,$0,$0,$-45,$189,$-14,$0,$0,$0,$-64,$-64,$0,$-77,$49,$0,$49,$4,$4,$-119,$-37,$-103,$11,$12,$-119
5,2017-06-30,148.3,$35.86,4.14,$131.72,1.13,$13.23,11.21,$5.37,27.62,$1.45B,$0.42B,3.42,$0.38B,$1.28B,0.3,$4.30B,$1.06B,24.61%,$4.30B,$0.36B,8.25%,$4.30B,$0.36B,8.25%,$4.30B,$0.38B,8.74%,$4.30B,$0.35B,8.13%,$4.30B,$0.18B,4.09%,$0.18B,$1.28B,13.95%,$0.18B,$0.74B,24.40%,$0.18B,$2.15B,8.89%,$0.36B,$1.66B,23.04%,$1276,$966,$310,$0,$181,$1147,$129,$-2,$128,$37,$91,$91,$68,$135,$129,$33,33,$2.07,$2.07,$51,$770,$18,$1452,$92,$0,$541,$69,$703,$2154,$424,$380,$0,$450,$874,$21,$576,$-39,$1280,$2154,$125,$11,$11,$22,$-135,$-84,$0,$-0,$-111,$35,$-10,$0,$0,$0,$-64,$-64,$0,$-74,$144,$2,$146,$-1,$-1,$-75,$-37,$33,$-5,$6,$-75
6,2017-03-31,136.68,$33.87,4.03,$129.96,1.05,$13.61,10.04,$5.12,26.7,$1.30B,$0.38B,3.43,$0.28B,$1.21B,0.23,$4.24B,$1.04B,24.55%,$4.24B,$0.34B,8.11%,$4.24B,$0.34B,8.11%,$4.24B,$0.36B,8.58%,$4.24B,$0.34B,7.99%,$4.24B,$0.17B,3.94%,$0.17B,$1.21B,13.26%,$0.17B,$0.67B,23.26%,$0.17B,$1.94B,8.58%,$0.34B,$1.49B,22.77%,$872,$654,$219,$0,$170,$823,$49,$-1,$47,$14,$34,$34,$23,$54,$49,$33,33,$0.71,$0.71,$47,$752,$20,$1301,$91,$0,$538,$6,$635,$1935,$379,$281,$0,$348,$727,$21,$539,$-42,$1208,$1935,$34,$5,$7,$12,$-6,$-66,$0,$-3,$-11,$34,$-4,$0,$0,$0,$0,$0,$0,$-4,$45,$2,$47,$1,$1,$-37,$-49,$-39,$-9,$5,$-37
7,2016-12-31,140.39,$35.23,3.99,$129.44,1.08,$13.89,10.11,$5.12,27.42,$1.24B,$0.32B,3.94,$0.24B,$1.25B,0.19,$4.22B,$1.03B,24.50%,$4.22B,$0.35B,8.20%,$4.22B,$0.35B,8.20%,$4.22B,$0.37B,8.67%,$4.22B,$0.34B,8.10%,$4.22B,$0.17B,3.96%,$0.17B,$1.25B,13.22%,$0.17B,$0.71B,23.23%,$0.17B,$1.88B,8.64%,$0.35B,$1.49B,23.02%,$914,$686,$228,$0,$170,$856,$58,$-1,$57,$18,$40,$40,$27,$63,$58,$33,33,$0.85,$0.84,$56,$685,$23,$1240,$91,$0,$538,$6,$634,$1875,$315,$236,$0,$308,$623,$21,$550,$-44,$1252,$1875,$236,$20,$21,$41,$-27,$-10,$0,$-2,$5,$282,$-43,$0,$0,$0,$0,$0,$0,$-43,$-10,$0,$-10,$2,$2,$-128,$-82,$-218,$21,$12,$-128
8,2016-09-30,132.55,$36.77,3.6,$129.26,1.03,$12.72,10.42,$5.06,26.2,$1.35B,$0.36B,3.77,$0.22B,$1.31B,0.17,$4.21B,$1.03B,24.42%,$4.21B,$0.34B,8.12%,$4.21B,$0.34B,8.12%,$4.21B,$0.36B,8.60%,$4.21B,$0.34B,8.03%,$4.21B,$0.17B,3.92%,$0.17B,$1.31B,13.19%,$0.17B,$0.76B,23.35%,$0.17B,$1.96B,8.64%,$0.34B,$1.53B,22.89%,$1241,$939,$302,$0,$183,$1122,$119,$-1,$118,$38,$81,$81,$58,$124,$119,$33,33,$1.78,$1.78,$36,$740,$25,$1349,$60,$0,$543,$6,$609,$1958,$358,$220,$0,$293,$651,$21,$558,$-41,$1306,$1958,$196,$15,$17,$32,$-97,$-63,$0,$-5,$-81,$146,$-8,$0,$0,$0,$0,$0,$0,$-8,$-26,$0,$-26,$5,$5,$-90,$-26,$-137,$1,$11,$-90
9,2016-06-30,131.56,$35.90,3.67,$127.46,1.03,$10.95,12.02,$4.92,26.74,$1.41B,$0.41B,3.46,$0.27B,$1.27B,0.21,$4.15B,$1.01B,24.41%,$4.15B,$0.33B,8.06%,$4.15B,$0.33B,8.06%,$4.15B,$0.35B,8.51%,$4.15B,$0.33B,7.94%,$4.15B,$0.16B,3.86%,$0.16B,$1.27B,13.01%,$0.16B,$0.73B,23.36%,$0.16B,$2.02B,8.41%,$0.33B,$1.54B,22.35%,$1214,$923,$292,$0,$174,$1097,$118,$-1,$117,$35,$81,$81,$59,$123,$118,$33,33,$1.82,$1.82,$31,$749,$20,$1407,$60,$0,$547,$5,$613,$2020,$407,$268,$0,$340,$746,$21,$525,$-39,$1273,$2020,$116,$10,$11,$21,$-154,$-72,$0,$0,$-95,$42,$-5,$0,$0,$0,$0,$0,$0,$-5,$22,$1,$23,$3,$3,$-60,$-7,$-42,$-5,$5,$-60
10,2016-03-31,125.21,$34.42,3.64,$127.88,0.98,$7.10,17.63,$4.95,25.29,$1.26B,$0.35B,3.63,$0.24B,$1.22B,0.2,$4.16B,$1.02B,24.43%,$4.16B,$0.34B,8.21%,$4.16B,$0.34B,8.21%,$4.16B,$0.36B,8.66%,$4.16B,$0.34B,8.06%,$4.16B,$0.16B,3.87%,$0.16B,$1.22B,13.31%,$0.16B,$0.67B,24.33%,$0.16B,$1.88B,8.41%,$0.34B,$1.46B,22.50%,$851,$639,$212,$0,$162,$801,$51,$-1,$50,$16,$34,$34,$23,$56,$51,$33,33,$0.71,$0.71,$33,$746,$19,$1262,$62,$0,$547,$6,$615,$1877,$347,$238,$0,$309,$656,$21,$491,$-39,$1221,$1877,$34,$5,$6,$11,$-12,$-69,$0,$2,$-3,$42,$-3,$0,$0,$0,$0,$0,$0,$-3,$-7,$0,$-7,$2,$2,$-30,$-6,$-42,$-2,$5,$-30
11,2015-12-31,108.0,$34.09,3.17,$126.66,0.85,$5.29,20.43,$4.89,22.09,$1.18B,$0.27B,4.37,$0.25B,$1.20B,0.2,$4.11B,$1.01B,24.48%,$4.11B,$0.34B,8.19%,$4.11B,$0.34B,8.19%,$4.11B,$0.36B,8.66%,$4.11B,$0.33B,8.05%,$4.11B,$0.16B,3.87%,$0.16B,$1.20B,13.41%,$0.16B,$0.67B,25.03%,$0.16B,$1.79B,8.29%,$0.34B,$1.45B,22.21%,$904,$682,$222,$0,$168,$850,$54,$-1,$53,$17,$36,$36,$25,$59,$54,$32,32,$0.76,$0.76,$35,$674,$21,$1181,$63,$0,$539,$6,$607,$1788,$270,$246,$0,$314,$585,$21,$495,$-47,$1204,$1788,$227,$19,$19,$38,$-26,$-4,$0,$-0,$-42,$223,$-23,$0,$0,$0,$0,$0,$0,$-23,$-56,$0,$-56,$4,$4,$-99,$-37,$-188,$11,$13,$-99
12,2015-09-30,108.65,$34.62,3.14,$125.93,0.86,$3.02,35.96,$4.83,22.49,$1.31B,$0.33B,3.97,$0.31B,$1.22B,0.25,$4.09B,$1.00B,24.45%,$4.09B,$0.34B,8.20%,$4.09B,$0.34B,8.20%,$4.09B,$0.35B,8.66%,$4.09B,$0.33B,8.05%,$4.09B,$0.16B,3.82%,$0.16B,$1.22B,13.36%,$0.16B,$0.68B,25.64%,$0.16B,$1.93B,8.13%,$0.34B,$1.53B,22.13%,$1177,$891,$286,$0,$175,$1066,$111,$-2,$109,$35,$75,$75,$53,$115,$111,$32,32,$1.64,$1.64,$29,$752,$24,$1314,$63,$0,$546,$6,$615,$1929,$331,$306,$0,$377,$708,$21,$493,$-42,$1222,$1929,$190,$14,$15,$30,$-83,$-80,$0,$-2,$-120,$100,$-20,$0,$0,$0,$0,$0,$0,$-20,$3,$2,$6,$5,$5,$-74,$-11,$-75,$4,$11,$-74
13,2015-06-30,112.84,$33.78,3.34,$124.77,0.9,$1.58,71.51,$4.75,23.76,$1.44B,$0.37B,3.88,$0.43B,$1.19B,0.37,$4.04B,$0.99B,24.43%,$4.04B,$0.33B,8.14%,$4.04B,$0.33B,8.14%,$4.04B,$0.35B,8.63%,$4.04B,$0.32B,8.01%,$4.04B,$0.15B,3.78%,$0.15B,$1.19B,13.34%,$0.15B,$0.63B,26.42%,$0.15B,$2.07B,8.00%,$0.33B,$1.63B,21.86%,$1223,$928,$295,$0,$170,$1099,$125,$-2,$123,$39,$84,$84,$60,$130,$125,$32,32,$1.86,$1.85,$22,$799,$21,$1441,$61,$0,$558,$6,$625,$2067,$372,$434,$0,$504,$876,$21,$460,$-34,$1191,$2067,$116,$9,$9,$19,$-168,$-124,$0,$-0,$-208,$-74,$-14,$0,$0,$0,$0,$0,$0,$-14,$-0,$134,$134,$3,$3,$-49,$-2,$86,$-3,$8,$-49
14,2015-03-31,113.99,$31.94,3.57,$123.27,0.92,$2.11,54.14,$4.50,25.33,$1.27B,$0.36B,3.58,$0.34B,$1.12B,0.3,$3.99B,$0.97B,24.35%,$3.99B,$0.32B,7.94%,$3.99B,$0.32B,7.94%,$3.99B,$0.34B,8.42%,$3.99B,$0.31B,7.84%,$3.99B,$0.15B,3.63%,$0.15B,$1.12B,12.66%,$0.15B,$0.57B,25.48%,$0.15B,$1.89B,7.65%,$0.32B,$1.47B,21.39%,$809,$605,$204,$0,$157,$762,$47,$-1,$46,$14,$31,$31,$21,$52,$47,$32,32,$0.65,$0.65,$16,$801,$20,$1273,$53,$0,$557,$6,$616,$1890,$356,$341,$0,$409,$765,$21,$419,$-35,$1124,$1890,$31,$5,$6,$11,$-7,$-127,$0,$3,$-59,$-17,$-3,$0,$0,$0,$0,$0,$0,$-3,$38,$0,$38,$1,$1,$-25,$-3,$12,$-8,$5,$-25
15,2014-12-31,96.39,$32.34,2.98,$121.93,0.79,$3.44,28.05,$4.33,22.26,$1.16B,$0.29B,4.03,$0.30B,$1.13B,0.27,$3.95B,$0.96B,24.23%,$3.95B,$0.31B,7.76%,$3.95B,$0.31B,7.76%,$3.95B,$0.32B,8.21%,$3.95B,$0.30B,7.66%,$3.95B,$0.14B,3.55%,$0.14B,$1.13B,12.21%,$0.14B,$0.56B,24.89%,$0.14B,$1.79B,7.50%,$0.31B,$1.44B,21.04%,$877,$662,$214,$0,$162,$825,$52,$-1,$51,$16,$35,$35,$22,$57,$52,$32,32,$0.69,$0.68,$24,$678,$21,$1157,$53,$0,$574,$6,$634,$1791,$287,$304,$0,$372,$659,$21,$421,$-24,$1132,$1791,$209,$18,$13,$31,$-41,$-99,$0,$-0,$-95,$145,$-19,$0,$0,$0,$0,$0,$0,$-19,$75,$0,$75,$4,$4,$-70,$-130,$-120,$5,$13,$-70
16,2014-09-30,77.1,$32.57,2.37,$120.48,0.64,$3.76,20.49,$4.14,18.62,$1.27B,$0.34B,3.73,$0.35B,$1.14B,0.31,$3.90B,$0.94B,24.16%,$3.90B,$0.29B,7.55%,$3.90B,$0.29B,7.55%,$3.90B,$0.31B,8.01%,$3.90B,$0.29B,7.45%,$3.90B,$0.13B,3.44%,$0.13B,$1.14B,11.70%,$0.13B,$0.56B,24.11%,$0.13B,$1.91B,7.30%,$0.29B,$1.49B,20.49%,$1135,$860,$275,$0,$170,$1030,$105,$-2,$104,$33,$71,$71,$50,$110,$105,$32,32,$1.56,$1.56,$17,$730,$22,$1271,$45,$0,$582,$6,$634,$1905,$341,$353,$0,$425,$765,$21,$418,$-19,$1140,$1905,$174,$13,$14,$28,$-107,$-149,$0,$-3,$-160,$42,$-9,$0,$0,$0,$0,$0,$0,$-9,$123,$0,$123,$3,$3,$-49,$-112,$-35,$-3,$10,$-49
17,2014-06-30,91.37,$33.91,2.69,$118.94,0.77,$4.00,22.82,$3.90,23.43,$1.35B,$0.39B,3.49,$0.35B,$1.19B,0.3,$3.84B,$0.93B,24.08%,$3.84B,$0.28B,7.39%,$3.84B,$0.28B,7.39%,$3.84B,$0.30B,7.86%,$3.84B,$0.28B,7.29%,$3.84B,$0.13B,3.28%,$0.13B,$1.19B,10.96%,$0.13B,$0.59B,22.73%,$0.13B,$1.99B,6.95%,$0.28B,$1.54B,19.96%,$1170,$891,$279,$0,$166,$1057,$113,$-1,$112,$33,$78,$78,$52,$117,$113,$32,32,$1.60,$1.60,$17,$760,$19,$1346,$45,$0,$593,$7,$645,$1991,$386,$350,$0,$420,$805,$21,$384,$-12,$1186,$1991,$103,$9,$8,$17,$-151,$-177,$0,$-0,$-185,$-65,$-6,$0,$0,$0,$0,$0,$0,$-6,$119,$0,$119,$2,$2,$-28,$-25,$68,$-3,$7,$-28
18,2014-03-31,88.48,$32.26,2.74,$117.52,0.75,$3.59,24.62,$3.78,23.41,$1.14B,$0.35B,3.23,$0.23B,$1.13B,0.2,$3.79B,$0.91B,24.08%,$3.79B,$0.28B,7.28%,$3.79B,$0.28B,7.28%,$3.79B,$0.30B,7.78%,$3.79B,$0.27B,7.15%,$3.79B,$0.12B,3.22%,$0.12B,$1.13B,10.84%,$0.12B,$0.54B,23.11%,$0.12B,$1.78B,6.80%,$0.28B,$1.36B,19.56%,$763,$574,$188,$0,$153,$727,$36,$-1,$35,$10,$24,$24,$16,$40,$36,$32,32,$0.48,$0.48,$19,$708,$17,$1139,$44,$0,$587,$6,$638,$1777,$353,$227,$0,$296,$649,$21,$342,$-17,$1128,$1777,$24,$4,$6,$10,$2,$-126,$0,$2,$-10,$25,$-2,$0,$0,$0,$0,$0,$0,$-2,$-3,$0,$-3,$1,$1,$-14,$-7,$-23,$-0,$4,$-14
19,2013-12-31,84.71,$32.46,2.61,$116.07,0.73,$2.24,37.81,$3.69,22.96,$1.02B,$0.24B,4.19,$0.23B,$1.13B,0.21,$3.74B,$0.90B,24.04%,$3.74B,$0.27B,7.24%,$3.74B,$0.27B,7.24%,$3.74B,$0.29B,7.75%,$3.74B,$0.27B,7.08%,$3.74B,$0.12B,3.15%,$0.12B,$1.13B,10.71%,$0.12B,$0.53B,23.66%,$0.12B,$1.67B,6.62%,$0.27B,$1.36B,19.21%,$827,$629,$199,$0,$158,$787,$40,$-1,$39,$11,$28,$28,$16,$45,$40,$32,32,$0.50,$0.49,$19,$583,$19,$1021,$45,$0,$596,$7,$648,$1670,$244,$231,$0,$299,$542,$21,$339,$-11,$1127,$1670,$188,$18,$20,$37,$-26,$-41,$0,$-1,$-75,$150,$-14,$0,$0,$0,$0,$0,$0,$-14,$-83,$0,$-83,$2,$2,$-40,$-68,$-189,$-54,$12,$-40
20,2013-09-30,82.78,$33.31,2.49,$114.53,0.72,$3.11,26.6,$3.23,25.63,$1.16B,$0.31B,3.73,$0.29B,$1.16B,0.25,$3.68B,$0.88B,24.01%,$3.68B,$0.26B,7.17%,$3.68B,$0.26B,7.17%,$3.68B,$0.28B,7.69%,$3.68B,$0.26B,7.01%,$3.68B,$0.11B,2.88%,$0.11B,$1.16B,9.85%,$0.11B,$0.55B,22.69%,$0.11B,$1.82B,5.94%,$0.26B,$1.44B,18.78%,$1082,$823,$259,$0,$163,$986,$95,$-2,$94,$28,$66,$66,$42,$100,$95,$32,32,$1.32,$1.32,$29,$644,$22,$1162,$45,$0,$605,$7,$656,$1818,$312,$285,$0,$350,$662,$21,$336,$-7,$1157,$1818,$160,$13,$12,$25,$-90,$-100,$0,$-4,$-133,$51,$-11,$0,$0,$0,$0,$0,$0,$-11,$-29,$0,$-29,$2,$2,$-26,$-31,$-85,$-45,$6,$-26
21,2013-06-30,73.52,$31.45,2.34,$112.75,0.65,$3.59,20.5,$3.10,23.72,$1.26B,$0.36B,3.49,$0.40B,$1.09B,0.37,$3.62B,$0.87B,23.97%,$3.62B,$0.26B,7.04%,$3.62B,$0.26B,7.04%,$3.62B,$0.27B,7.54%,$3.62B,$0.25B,6.88%,$3.62B,$0.10B,2.82%,$0.10B,$1.09B,9.34%,$0.10B,$0.49B,21.15%,$0.10B,$1.91B,5.73%,$0.26B,$1.49B,18.19%,$1120,$854,$267,$0,$162,$1015,$105,$-2,$103,$31,$73,$73,$48,$110,$105,$32,32,$1.48,$1.48,$26,$692,$18,$1261,$44,$0,$602,$6,$652,$1913,$362,$398,$0,$461,$823,$21,$299,$-10,$1090,$1913,$94,$9,$9,$18,$-151,$-149,$0,$0,$-188,$-77,$-7,$0,$0,$0,$0,$0,$0,$-7,$84,$0,$84,$1,$1,$-17,$-31,$36,$-48,$6,$-17
22,2013-03-31,73.49,$29.86,2.46,$109.84,0.67,$4.09,17.95,$2.77,26.53,$1.07B,$0.31B,3.45,$0.32B,$1.03B,0.31,$3.51B,$0.84B,23.88%,$3.51B,$0.24B,6.72%,$3.51B,$0.24B,6.72%,$3.51B,$0.25B,7.20%,$3.51B,$0.23B,6.58%,$3.51B,$0.09B,2.56%,$0.09B,$1.03B,7.99%,$0.09B,$0.42B,17.43%,$0.09B,$1.73B,5.07%,$0.24B,$1.36B,16.91%,$714,$538,$175,$0,$145,$683,$31,$-1,$29,$8,$21,$21,$12,$35,$31,$32,32,$0.39,$0.39,$22,$647,$17,$1067,$43,$0,$611,$7,$660,$1727,$310,$322,$0,$383,$693,$21,$256,$-5,$1034,$1727,$21,$4,$6,$10,$-5,$-102,$0,$1,$-49,$-17,$-3,$0,$0,$0,$0,$0,$0,$-3,$7,$0,$7,$0,$0,$-9,$-30,$-31,$-52,$4,$-9
23,2012-12-31,65.17,$29.61,2.2,$108.23,0.6,$4.91,13.27,$2.61,24.97,$1.02B,$0.28B,3.6,$0.32B,$1.02B,0.31,$3.43B,$0.82B,23.74%,$3.43B,$0.23B,6.55%,$3.43B,$0.23B,6.55%,$3.43B,$0.24B,7.02%,$3.43B,$0.22B,6.44%,$3.43B,$0.09B,2.48%,$0.09B,$1.02B,7.60%,$0.09B,$0.41B,15.13%,$0.09B,$1.68B,5.05%,$0.23B,$1.34B,17.21%,$766,$583,$183,$0,$149,$732,$33,$-1,$32,$9,$24,$24,$4,$38,$33,$32,32,$0.13,$0.13,$74,$546,$18,$1015,$43,$0,$617,$7,$667,$1682,$282,$316,$0,$378,$660,$20,$251,$-2,$1022,$1682,$158,$16,$17,$33,$-6,$-27,$0,$3,$-17,$173,$-12,$0,$-80,$0,$0,$0,$0,$-92,$297,$0,$297,$5,$5,$-256,$-69,$-23,$58,$10,$-256
24,2012-09-30,61.5,$35.41,1.74,$105.12,0.59,$1.39,44.15,$2.96,20.78,$1.14B,$0.33B,3.48,$0.20B,$1.22B,0.17,$3.31B,$0.79B,23.94%,$3.31B,$0.23B,6.79%,$3.31B,$0.23B,6.79%,$3.31B,$0.24B,7.21%,$3.31B,$0.22B,6.64%,$3.31B,$0.09B,2.84%,$0.09B,$1.22B,8.44%,$0.09B,$0.61B,15.35%,$0.09B,$1.80B,5.96%,$0.23B,$1.42B,18.40%,$1021,$778,$243,$0,$157,$935,$86,$-1,$85,$25,$60,$60,$38,$90,$86,$32,32,$1.19,$1.19,$46,$618,$21,$1141,$43,$0,$609,$7,$659,$1800,$328,$202,$0,$250,$578,$20,$431,$-0,$1221,$1800,$134,$11,$12,$23,$-82,$-98,$0,$-0,$-93,$64,$-9,$0,$-80,$0,$0,$0,$0,$-89,$182,$0,$182,$4,$4,$-62,$-69,$55,$30,$6,$-62
25,2012-06-30,59.39,$35.70,1.66,$103.10,0.58,$-2.53,0.0,$2.79,21.29,$1.24B,$0.38B,3.25,$0.24B,$1.23B,0.19,$3.21B,$0.77B,23.99%,$3.21B,$0.21B,6.64%,$3.21B,$0.21B,6.64%,$3.21B,$0.23B,7.05%,$3.21B,$0.21B,6.49%,$3.21B,$0.09B,2.71%,$0.09B,$1.23B,8.20%,$0.09B,$0.62B,14.18%,$0.09B,$1.90B,5.85%,$0.21B,$1.47B,19.02%,$1012,$773,$238,$0,$153,$926,$86,$-1,$85,$24,$61,$61,$36,$90,$86,$32,32,$1.15,$1.15,$35,$672,$20,$1238,$43,$0,$607,$7,$657,$1895,$381,$236,$0,$283,$664,$20,$411,$-5,$1231,$1895,$74,$7,$7,$14,$-138,$-154,$0,$1,$-148,$-60,$-7,$0,$-82,$0,$0,$0,$0,$-89,$217,$0,$217,$3,$3,$-41,$-11,$168,$20,$6,$-41
26,2012-03-31,59.08,$29.08,2.03,$99.98,0.59,$-1.99,0.0,$2.73,21.64,$0.91B,$0.31B,2.96,$0.00B,$1.00B,0.0,$3.08B,$0.74B,24.17%,$3.08B,$0.20B,6.60%,$3.08B,$0.20B,6.60%,$3.08B,$0.21B,6.95%,$3.08B,$0.20B,6.43%,$3.08B,$0.09B,2.76%,$0.09B,$1.00B,8.53%,$0.09B,$0.61B,14.11%,$0.09B,$1.35B,6.11%,$0.20B,$1.00B,20.05%,$634,$483,$151,$0,$131,$614,$20,$-1,$19,$6,$13,$13,$7,$23,$20,$31,31,$0.23,$0.23,$18,$532,$21,$911,$41,$0,$394,$5,$440,$1351,$307,$0,$0,$43,$351,$20,$392,$-0,$1000,$1351,$13,$3,$5,$8,$-12,$-67,$0,$-1,$-12,$9,$-4,$0,$0,$0,$0,$0,$0,$-4,$23,$0,$23,$1,$1,$-20,$-6,$-3,$2,$4,$-20
27,2011-12-31,51.92,$30.35,1.71,$96.84,0.54,$-3.69,0.0,$2.71,19.16,$0.83B,$0.22B,3.71,$0.00B,$1.00B,0.0,$2.98B,$0.73B,24.45%,$2.98B,$0.20B,6.72%,$2.98B,$0.20B,6.72%,$2.98B,$0.21B,7.05%,$2.98B,$0.20B,6.55%,$2.98B,$0.08B,2.82%,$0.08B,$1.00B,8.66%,$0.08B,$0.61B,14.37%,$0.08B,$1.27B,6.16%,$0.20B,$1.00B,20.16%,$646,$485,$161,$0,$128,$613,$33,$-1,$31,$9,$23,$23,$13,$36,$33,$31,31,$0.43,$0.42,$16,$465,$19,$828,$39,$0,$395,$6,$440,$1268,$223,$0,$0,$43,$266,$20,$404,$-0,$1002,$1268,$138,$12,$18,$30,$12,$-22,$0,$3,$-106,$61,$-13,$0,$-43,$0,$0,$0,$0,$-57,$10,$0,$10,$5,$5,$-73,$-58,$-116,$-111,$8,$-73
28,2011-09-30,40.03,$29.33,1.36,$97.33,0.41,$-0.47,0.0,$2.63,15.22,$0.99B,$0.38B,2.59,$0.00B,$1.01B,0.0,$2.99B,$0.72B,24.12%,$2.99B,$0.19B,6.32%,$2.99B,$0.19B,6.32%,$2.99B,$0.20B,6.66%,$2.99B,$0.19B,6.19%,$2.99B,$0.08B,2.64%,$0.08B,$1.01B,8.30%,$0.08B,$0.62B,13.74%,$0.08B,$1.43B,5.83%,$0.19B,$1.01B,19.35%,$914,$695,$219,$0,$145,$840,$74,$-1,$73,$21,$52,$52,$31,$77,$74,$31,31,$1.02,$1.02,$21,$540,$27,$994,$37,$0,$394,$6,$438,$1432,$383,$0,$0,$37,$420,$20,$410,$-0,$1012,$1432,$115,$9,$11,$19,$-63,$-97,$0,$-7,$-193,$-59,$-9,$0,$-45,$0,$0,$0,$0,$-53,$105,$0,$105,$3,$3,$-54,$-47,$7,$-105,$6,$-54
29,2011-06-30,52.8,$29.48,1.79,$94.18,0.56,$4.77,11.06,$2.58,20.46,$1.08B,$0.45B,2.43,$0.07B,$0.97B,0.07,$2.89B,$0.70B,24.17%,$2.89B,$0.18B,6.20%,$2.89B,$0.18B,6.20%,$2.89B,$0.19B,6.54%,$2.89B,$0.18B,6.06%,$2.89B,$0.08B,2.70%,$0.08B,$0.97B,8.36%,$0.08B,$0.58B,13.81%,$0.08B,$1.52B,5.88%,$0.18B,$1.04B,18.58%,$884,$670,$213,$0,$138,$808,$76,$-1,$75,$22,$52,$52,$34,$78,$76,$31,31,$1.09,$1.09,$19,$613,$16,$1083,$36,$0,$392,$7,$435,$1518,$445,$65,$0,$101,$547,$20,$395,$-0,$971,$1518,$63,$5,$6,$12,$-105,$-182,$0,$-0,$-117,$-42,$-5,$0,$-36,$0,$0,$0,$0,$-41,$55,$0,$55,$3,$3,$-36,$-47,$-25,$-108,$5,$-36
30,2011-03-31,53.7,$27.16,1.98,$93.75,0.57,$8.12,6.61,$2.57,20.89,$0.84B,$0.29B,2.94,$0.02B,$0.89B,0.03,$2.87B,$0.69B,23.91%,$2.87B,$0.17B,6.06%,$2.87B,$0.17B,6.06%,$2.87B,$0.18B,6.41%,$2.87B,$0.17B,5.93%,$2.87B,$0.08B,2.75%,$0.08B,$0.89B,8.59%,$0.08B,$0.54B,14.12%,$0.08B,$1.24B,6.07%,$0.17B,$0.92B,18.53%,$534,$399,$135,$0,$118,$518,$17,$-1,$16,$5,$11,$11,$6,$19,$17,$31,31,$0.21,$0.21,$36,$503,$17,$838,$30,$0,$360,$7,$397,$1236,$285,$24,$0,$56,$341,$20,$378,$-1,$894,$1236,$11,$3,$4,$7,$21,$-111,$0,$-2,$-63,$-45,$-2,$0,$0,$0,$0,$0,$0,$-2,$14,$0,$14,$3,$3,$-17,$-44,$-44,$-91,$3,$-17
31,2010-12-31,48.19,$28.63,1.68,$93.13,0.52,$9.46,5.1,$2.46,19.59,$0.84B,$0.27B,3.15,$0.01B,$0.93B,0.01,$2.85B,$0.67B,23.69%,$2.85B,$0.17B,5.83%,$2.85B,$0.17B,5.83%,$2.85B,$0.18B,6.19%,$2.85B,$0.16B,5.69%,$2.85B,$0.08B,2.71%,$0.08B,$0.93B,8.38%,$0.08B,$0.57B,13.82%,$0.08B,$1.24B,5.94%,$0.17B,$0.94B,17.60%,$657,$503,$154,$0,$132,$635,$22,$-1,$21,$6,$15,$15,$8,$25,$22,$30,31,$0.34,$0.34,$126,$392,$14,$838,$31,$0,$360,$8,$399,$1237,$266,$10,$0,$42,$308,$19,$387,$-1,$929,$1237,$112,$11,$18,$29,$-41,$21,$0,$4,$12,$153,$-6,$0,$-4,$0,$0,$0,$0,$-10,$-1,$-3,$-3,$6,$6,$-66,$-11,$-74,$68,$6,$-66
32,2010-09-30,42.15,$28.91,1.46,$91.40,0.46,$7.56,5.57,$2.36,17.86,$0.92B,$0.33B,2.79,$0.02B,$0.94B,0.02,$2.75B,$0.65B,23.76%,$2.75B,$0.16B,5.78%,$2.75B,$0.16B,5.78%,$2.75B,$0.17B,6.10%,$2.75B,$0.16B,5.63%,$2.75B,$0.08B,2.76%,$0.08B,$0.94B,8.35%,$0.08B,$0.58B,13.86%,$0.08B,$1.32B,5.95%,$0.16B,$0.96B,17.00%,$813,$617,$196,$0,$132,$749,$64,$-1,$63,$20,$44,$44,$30,$67,$64,$31,31,$0.97,$0.97,$100,$457,$22,$917,$31,$0,$361,$8,$400,$1317,$329,$23,$0,$51,$380,$19,$394,$-1,$937,$1317,$97,$8,$7,$14,$-73,$-43,$0,$1,$-15,$97,$-3,$0,$-4,$0,$0,$0,$0,$-7,$9,$0,$9,$4,$4,$-49,$-11,$-48,$42,$4,$-49
33,2010-06-30,43.47,$28.39,1.53,$89.21,0.49,$5.65,7.69,$2.05,21.21,$1.02B,$0.45B,2.27,$0.02B,$0.92B,0.02,$2.68B,$0.63B,23.50%,$2.68B,$0.14B,5.07%,$2.68B,$0.14B,5.07%,$2.68B,$0.15B,5.41%,$2.68B,$0.13B,4.92%,$2.68B,$0.07B,2.50%,$0.07B,$0.92B,7.43%,$0.07B,$0.56B,12.01%,$0.07B,$1.42B,5.31%,$0.14B,$0.94B,14.59%,$865,$664,$201,$0,$130,$794,$71,$-1,$70,$22,$48,$48,$35,$73,$71,$30,31,$1.08,$1.08,$88,$523,$20,$1016,$31,$0,$362,$9,$402,$1418,$448,$21,$0,$49,$498,$19,$379,$-1,$920,$1418,$54,$5,$4,$9,$-120,$-109,$0,$2,$-6,$57,$-2,$0,$-2,$0,$0,$0,$0,$-4,$7,$0,$7,$3,$3,$-32,$-1,$-23,$30,$3,$-32
34,2010-03-31,42.32,$27.40,1.54,$75.78,0.56,$4.81,8.8,$1.53,27.66,$0.81B,$0.25B,3.27,$0.05B,$0.89B,0.05,$2.22B,$0.53B,23.86%,$2.22B,$0.09B,4.10%,$2.22B,$0.09B,4.10%,$2.22B,$0.10B,4.50%,$2.22B,$0.09B,3.96%,$2.22B,$0.05B,2.16%,$0.05B,$0.89B,5.90%,$0.05B,$0.53B,9.48%,$0.05B,$1.21B,4.37%,$0.09B,$0.94B,10.77%,$510,$387,$123,$0,$114,$501,$9,$-1,$8,$2,$5,$5,$4,$11,$9,$30,30,$0.10,$0.10,$74,$458,$19,$809,$31,$0,$361,$10,$402,$1211,$248,$48,$0,$76,$323,$19,$361,$-1,$888,$1211,$5,$3,$2,$4,$7,$-48,$0,$3,$-16,$-6,$0,$0,$0,$0,$0,$0,$0,$0,$34,$0,$34,$3,$3,$-15,$0,$22,$16,$1,$-15
35,2009-12-31,36.09,$27.84,1.3,$69.92,0.52,$5.45,6.62,$1.39,25.96,$0.76B,$0.22B,3.37,$0.01B,$0.90B,0.02,$2.00B,$0.48B,24.03%,$2.00B,$0.08B,4.00%,$2.00B,$0.08B,4.00%,$2.00B,$0.09B,4.45%,$2.00B,$0.08B,3.90%,$2.00B,$0.04B,2.15%,$0.04B,$0.90B,5.87%,$0.04B,$0.53B,9.34%,$0.04B,$1.16B,4.41%,$0.08B,$0.91B,10.56%,$564,$430,$134,$0,$119,$549,$15,$-1,$14,$5,$9,$9,$7,$17,$15,$28,29,$0.26,$0.25,$58,$410,$21,$755,$33,$0,$362,$10,$405,$1161,$224,$13,$0,$42,$266,$19,$372,$-1,$895,$1161,$52,$9,$5,$13,$67,$1,$0,$1,$23,$88,$-6,$0,$-10,$0,$0,$0,$0,$-16,$-7,$-7,$-14,$10,$10,$-57,$5,$-56,$17,$7,$-57
36,2009-09-30,39.36,$28.16,1.4,$62.55,0.63,$6.61,5.95,$1.30,30.28,$0.87B,$0.29B,3.0,$0.04B,$0.90B,0.05,$1.77B,$0.43B,24.42%,$1.77B,$0.07B,4.00%,$1.77B,$0.07B,4.00%,$1.77B,$0.08B,4.46%,$1.77B,$0.07B,3.89%,$1.77B,$0.04B,2.20%,$0.04B,$0.90B,5.99%,$0.04B,$0.62B,9.46%,$0.04B,$1.26B,4.52%,$0.07B,$0.95B,10.47%,$742,$570,$172,$0,$131,$700,$41,$-1,$40,$13,$27,$27,$21,$44,$41,$30,30,$0.66,$0.66,$65,$458,$18,$868,$34,$0,$288,$71,$392,$1260,$289,$44,$0,$68,$357,$19,$381,$-1,$902,$1260,$42,$6,$1,$7,$10,$-44,$0,$2,$-11,$38,$-4,$0,$-4,$0,$0,$0,$0,$-8,$23,$0,$23,$10,$10,$-42,$2,$-7,$24,$4,$-42
37,2009-06-30,35.35,$17.96,1.97,$55.70,0.63,$6.74,5.25,$1.48,23.89,$0.50B,$0.15B,3.28,$0.02B,$0.57B,0.04,$1.51B,$0.39B,25.76%,$1.51B,$0.07B,4.52%,$1.51B,$0.07B,4.52%,$1.51B,$0.07B,4.91%,$1.51B,$0.07B,4.38%,$1.51B,$0.04B,2.72%,$0.04B,$0.57B,7.18%,$0.04B,$0.35B,11.76%,$0.04B,$0.76B,5.50%,$0.07B,$0.59B,11.35%,$405,$304,$101,$0,$75,$379,$26,$-0,$26,$10,$16,$16,$16,$28,$26,$27,27,$0.57,$0.56,$45,$266,$12,$500,$23,$0,$220,$20,$262,$763,$152,$21,$0,$39,$191,$18,$375,$-1,$571,$763,$15,$3,$3,$6,$-28,$-15,$0,$1,$6,$28,$-1,$0,$0,$0,$0,$0,$0,$-1,$-0,$0,$-0,$6,$6,$-26,$-2,$-22,$4,$3,$-26
38,2009-03-31,24.29,$17.68,1.37,$59.69,0.41,$7.45,3.26,$1.86,13.06,$0.46B,$0.11B,4.06,$0.02B,$0.56B,0.04,$1.61B,$0.42B,25.95%,$1.61B,$0.08B,5.21%,$1.61B,$0.08B,5.21%,$1.61B,$0.09B,5.59%,$1.61B,$0.08B,5.09%,$1.61B,$0.05B,3.17%,$0.05B,$0.56B,8.94%,$0.05B,$0.34B,14.66%,$0.05B,$0.71B,6.65%,$0.08B,$0.58B,14.03%,$291,$217,$74,$0,$76,$293,$-2,$-0,$-2,$-1,$-1,$-1,$-1,$0,$-2,$27,27,$-0.07,$-0.07,$46,$260,$14,$456,$23,$0,$220,$15,$258,$714,$112,$21,$0,$39,$152,$17,$372,$-1,$562,$714,$-1,$2,$3,$5,$12,$-9,$0,$-1,$9,$13,$-1,$0,$0,$0,$0,$0,$0,$-1,$-0,$0,$-0,$2,$2,$-13,$2,$-8,$4,$1,$-13
39,2008-12-31,27.07,$20.18,1.34,$62.57,0.43,$7.74,3.5,$2.18,12.42,$0.46B,$0.11B,4.24,$0.02B,$0.57B,0.04,$1.70B,$0.44B,26.00%,$1.70B,$0.10B,5.82%,$1.70B,$0.10B,5.82%,$1.70B,$0.11B,6.18%,$1.70B,$0.10B,5.65%,$1.70B,$0.06B,3.53%,$0.06B,$0.57B,10.58%,$0.06B,$0.34B,17.38%,$0.06B,$0.72B,7.70%,$0.10B,$0.59B,16.49%,$335,$249,$86,$0,$81,$329,$6,$-0,$5,$2,$3,$3,$3,$7,$6,$26,27,$0.11,$0.10,$41,$251,$13,$457,$24,$0,$230,$5,$259,$716,$108,$21,$0,$38,$145,$17,$386,$-1,$571,$716,$60,$7,$7,$14,$23,$37,$0,$1,$39,$113,$-4,$0,$0,$0,$0,$0,$0,$-4,$-34,$0,$-34,$1,$1,$-49,$5,$-78,$32,$8,$-49
40,2008-09-30,35.11,$20.53,1.71,$64.83,0.54,$7.45,4.71,$2.30,15.27,$0.53B,$0.14B,3.7,$0.05B,$0.58B,0.08,$1.76B,$0.46B,25.92%,$1.76B,$0.11B,5.96%,$1.76B,$0.11B,5.96%,$1.76B,$0.11B,6.35%,$1.76B,$0.10B,5.79%,$1.76B,$0.06B,3.63%,$0.06B,$0.58B,11.39%,$0.06B,$0.36B,18.63%,$0.06B,$0.79B,8.13%,$0.11B,$0.63B,17.39%,$475,$349,$127,$0,$89,$438,$38,$-1,$37,$14,$23,$23,$23,$39,$38,$27,27,$0.82,$0.81,$9,$314,$13,$530,$25,$0,$220,$16,$261,$791,$143,$49,$0,$66,$210,$17,$396,$-1,$581,$791,$57,$5,$7,$12,$-18,$-26,$0,$-2,$-32,$37,$-3,$0,$0,$0,$0,$0,$0,$-3,$-6,$0,$-6,$4,$4,$-37,$5,$-35,$-1,$5,$-37
41,2008-06-30,28.89,$20.01,1.44,$65.88,0.44,$7.38,3.91,$2.36,12.24,$0.59B,$0.24B,2.45,$0.02B,$0.57B,0.04,$1.81B,$0.46B,25.51%,$1.81B,$0.11B,6.03%,$1.81B,$0.11B,6.03%,$1.81B,$0.12B,6.42%,$1.81B,$0.11B,5.87%,$1.81B,$0.07B,3.65%,$0.07B,$0.57B,11.84%,$0.07B,$0.35B,19.56%,$0.07B,$0.85B,8.28%,$0.11B,$0.59B,17.85%,$510,$379,$131,$0,$89,$467,$42,$-0,$42,$16,$26,$26,$26,$44,$42,$26,27,$0.92,$0.90,$6,$339,$11,$586,$25,$0,$219,$16,$260,$846,$239,$24,$0,$40,$279,$17,$385,$-1,$567,$846,$34,$4,$5,$8,$-53,$-51,$0,$1,$5,$47,$-2,$0,$0,$0,$0,$0,$0,$-2,$-31,$0,$-31,$2,$2,$-24,$4,$-49,$-4,$3,$-24
42,2008-03-31,28.34,$19.45,1.46,$63.89,0.44,$6.57,4.31,$2.24,12.65,$0.50B,$0.16B,3.16,$0.04B,$0.55B,0.07,$1.77B,$0.45B,25.45%,$1.77B,$0.11B,6.05%,$1.77B,$0.11B,6.05%,$1.77B,$0.11B,6.39%,$1.77B,$0.10B,5.83%,$1.77B,$0.06B,3.56%,$0.06B,$0.55B,11.43%,$0.06B,$0.33B,18.23%,$0.06B,$0.76B,8.10%,$0.11B,$0.59B,17.65%,$380,$282,$98,$0,$85,$368,$13,$-1,$12,$5,$8,$8,$8,$15,$13,$26,28,$0.29,$0.28,$7,$305,$13,$503,$26,$0,$217,$17,$260,$762,$159,$40,$0,$54,$213,$17,$372,$-1,$550,$762,$8,$2,$1,$3,$-0,$-17,$0,$-1,$10,$21,$-1,$0,$0,$0,$0,$0,$0,$-1,$-0,$-15,$-15,$0,$0,$-11,$3,$-23,$-2,$2,$-11
43,2007-12-31,24.85,$20.15,1.23,$63.43,0.39,$6.03,4.12,$2.35,10.57,$0.49B,$0.13B,3.78,$0.06B,$0.55B,0.1,$1.76B,$0.45B,25.41%,$1.76B,$0.11B,6.37%,$1.76B,$0.11B,6.37%,$1.76B,$0.12B,6.65%,$1.76B,$0.11B,6.20%,$1.76B,$0.07B,3.75%,$0.07B,$0.55B,12.15%,$0.07B,$0.33B,18.80%,$0.07B,$0.75B,8.51%,$0.11B,$0.61B,18.80%,$398,$296,$101,$0,$89,$386,$12,$-1,$11,$4,$7,$7,$7,$14,$12,$26,27,$0.10,$0.16,$9,$288,$13,$489,$27,$0,$217,$17,$261,$750,$129,$55,$0,$71,$200,$17,$375,$-0,$550,$750,$66,$6,$13,$19,$24,$46,$0,$2,$23,$108,$-6,$0,$-106,$0,$3,$3,$-0,$-108,$14,$0,$14,$-5,$-5,$-37,$3,$-25,$-25,$7,$-37
44,2007-09-30,31.11,$20.10,1.55,$62.17,0.5,$4.39,7.09,$2.52,12.34,$0.57B,$0.16B,3.63,$0.10B,$0.56B,0.17,$1.73B,$0.44B,25.37%,$1.73B,$0.12B,6.86%,$1.73B,$0.12B,6.86%,$1.73B,$0.12B,7.15%,$1.73B,$0.12B,6.69%,$1.73B,$0.07B,4.09%,$0.07B,$0.56B,13.28%,$0.07B,$0.34B,19.86%,$0.07B,$0.83B,9.27%,$0.12B,$0.66B,20.47%,$519,$388,$131,$0,$89,$477,$42,$-1,$41,$15,$25,$25,$25,$43,$42,$26,28,$0.96,$0.90,$1,$330,$14,$572,$26,$0,$225,$6,$258,$830,$158,$96,$0,$110,$268,$17,$380,$-0,$562,$830,$59,$5,$8,$13,$-23,$5,$0,$2,$-35,$37,$-4,$0,$-105,$0,$3,$3,$-0,$-106,$55,$0,$55,$4,$4,$-25,$3,$36,$-33,$4,$-25
45,2007-06-30,36.23,$19.33,1.87,$61.63,0.59,$2.57,14.11,$2.67,13.57,$0.58B,$0.19B,3.13,$0.03B,$0.54B,0.06,$1.71B,$0.44B,25.73%,$1.71B,$0.12B,7.23%,$1.71B,$0.12B,7.23%,$1.71B,$0.13B,7.58%,$1.71B,$0.12B,7.06%,$1.71B,$0.08B,4.38%,$0.08B,$0.54B,14.38%,$0.08B,$0.38B,20.85%,$0.08B,$0.77B,10.10%,$0.12B,$0.57B,22.22%,$471,$352,$120,$0,$80,$432,$40,$-0,$39,$15,$24,$24,$23,$41,$40,$26,28,$0.87,$0.82,$40,$322,$9,$582,$21,$0,$163,$5,$189,$771,$186,$30,$0,$41,$228,$17,$364,$-0,$543,$771,$34,$3,$7,$10,$-30,$-31,$0,$2,$-17,$27,$-3,$0,$0,$7,$-4,$3,$-0,$0,$-10,$0,$-10,$3,$3,$-16,$3,$-20,$7,$3,$-16
46,2007-03-31,33.79,$18.44,1.83,$62.87,0.54,$0.90,37.63,$2.88,11.73,$0.56B,$0.19B,2.88,$0.03B,$0.52B,0.06,$1.75B,$0.45B,25.86%,$1.75B,$0.13B,7.49%,$1.75B,$0.13B,7.49%,$1.75B,$0.14B,7.84%,$1.75B,$0.13B,7.32%,$1.75B,$0.08B,4.63%,$0.08B,$0.52B,15.97%,$0.08B,$0.35B,23.46%,$0.08B,$0.75B,10.91%,$0.13B,$0.55B,23.76%,$371,$275,$95,$0,$77,$353,$18,$-0,$18,$7,$11,$11,$11,$19,$18,$26,28,$0.41,$0.39,$40,$332,$11,$559,$21,$0,$162,$8,$192,$751,$194,$30,$0,$40,$234,$17,$341,$-0,$517,$751,$11,$1,$3,$4,$3,$-42,$0,$1,$-8,$7,$-1,$0,$0,$7,$-3,$4,$-0,$3,$-0,$0,$-0,$2,$2,$-7,$1,$-4,$6,$1,$-7
47,2006-12-31,31.04,$18.59,1.67,$63.62,0.49,$-0.46,0.0,$2.96,10.49,$0.52B,$0.16B,3.36,$0.03B,$0.52B,0.06,$1.77B,$0.46B,25.80%,$1.77B,$0.14B,7.62%,$1.77B,$0.14B,7.62%,$1.77B,$0.14B,7.96%,$1.77B,$0.13B,7.40%,$1.77B,$0.08B,4.69%,$0.08B,$0.52B,16.72%,$0.08B,$0.36B,24.83%,$0.08B,$0.71B,11.37%,$0.14B,$0.55B,24.80%,$373,$278,$94,$0,$75,$354,$19,$-1,$18,$7,$12,$12,$12,$21,$19,$26,28,$0.44,$0.41,$34,$291,$12,$521,$21,$0,$158,$11,$189,$710,$155,$30,$0,$39,$194,$17,$346,$-0,$516,$710,$82,$6,$0,$6,$10,$-18,$0,$-2,$-20,$69,$-9,$0,$-10,$0,$-3,$-3,$-0,$-22,$-10,$0,$-10,$-12,$-12,$-26,$8,$-40,$7,$6,$-26
