,Date,Stock Price,Book Value per Share,Price to Book Ratio,TTM Sales per Share,Price to Sales Ratio,TTM FCF per Share,Price to FCF Ratio,TTM Net EPS,PE Ratio,Current Assets,Current Liabilities,Current Ratio,Long Term Debt,Shareholder's Equity_x,Debt to Equity Ratio,TTM Revenue_x,TTM Gross Profit,Gross Margin,TTM Revenue_y,TTM Operating Income,Operating Margin,TTM Revenue_x,TTM EBIT,EBIT Margin,TTM Revenue_y,TTM EBITDA,EBITDA Margin,TTM Revenue_x,TTM Pre-Tax Income,Pre-Tax Margin,TTM Revenue_y,TTM Net Income_x,Net Margin,TTM Net Income_y,Shareholder's Equity_y,Return on Equity,TTM Net Income_x,Tangible Equity,Return on Tangible Equity,TTM Net Income_y,Total Assets,Return on Assets,TTM Net Income,LT Investments & Debt,Return on Investment,revenue,cost-goods-sold,gross-profit,research-development-expenses,selling-general-administrative-expenses,operating-expenses,operating-income,total-non-operating-income-expense,pre-tax-income,total-provision-income-taxes,income-after-taxes,income-from-continuous-operations,net-income,ebitda,ebit,basic-shares-outstanding,shares-outstanding,eps-basic-net-earnings-per-share,eps-earnings-per-share-diluted,cash-on-hand,inventory,other-current-assets,total-current-assets,net-property-plant-equipment,long-term-investments,goodwill-intangible-assets-total,other-long-term-assets,total-long-term-assets,total-assets,total-current-liabilities,long-term-debt,other-non-current-liabilities,total-long-term-liabilities,total-liabilities,common-stock-net,retained-earnings-accumulated-deficit,comprehensive-income,total-share-holder-equity,total-liabilities-share-holders-equity,net-income-loss,total-depreciation-amortization-cash-flow,other-non-cash-items,total-non-cash-items,change-in-accounts-receivable,change-in-inventories,change-in-accounts-payable,change-in-assets-liabilities,total-change-in-assets-liabilities,cash-flow-from-operating-activities,net-change-in-property-plant-equipment,net-change-in-intangible-assets,net-acquisitions-divestitures,net-change-in-short-term-investments,net-change-in-long-term-investments,net-change-in-investments-total,investing-activities-other,cash-flow-from-investing-activities,net-long-term-debt,net-current-debt,debt-issuance-retirement-net-total,net-common-equity-issued-repurchased,net-total-equity-issued-repurchased,total-common-preferred-stock-dividends-paid,financial-activities-other,cash-flow-from-financial-activities,net-cash-flow,stock-based-compensation,common-stock-dividends-paid
0,2018-09-30,123.47,$18.24,6.77,$22.66,5.45,$4.88,25.29,$2.06,59.94,$0.85B,$0.29B,2.94,$0.20B,$1.35B,0.15,$1.71B,$0.54B,31.54%,$1.71B,$0.24B,13.90%,$1.71B,$0.24B,13.90%,$1.71B,$0.34B,19.92%,$1.71B,$0.23B,13.67%,$1.71B,$0.16B,9.05%,$0.16B,$1.35B,11.88%,$0.16B,$1.23B,13.18%,$0.16B,$1.95B,8.21%,$0.24B,$1.55B,15.85%,$432,$296,$136,$10,$65,$371,$61,$0,$61,$8,$53,$55,$55,$87,$61,$74,76,$0.75,$0.73,$297,$207,$43,$850,$822,$91,$127,$22,$1096,$1946,$289,$196,$44,$306,$594,$19,$1313,$-154,$1352,$1946,$155,$78,$15,$93,$0,$0,$0,$-33,$-33,$215,$-75,$0,$0,$0,$0,$0,$3,$-72,$0,$0,$0,$-42,$-42,$-31,$0,$-73,$61,$15,$-31
1,2018-06-30,99.15,$17.44,5.68,$22.20,4.47,$4.08,24.27,$2.00,49.57,$0.77B,$0.29B,2.67,$0.20B,$1.28B,0.15,$1.68B,$0.53B,31.53%,$1.68B,$0.24B,14.30%,$1.68B,$0.24B,14.30%,$1.68B,$0.34B,20.38%,$1.68B,$0.24B,14.06%,$1.68B,$0.15B,9.00%,$0.15B,$1.28B,11.65%,$0.15B,$1.15B,12.94%,$0.15B,$1.87B,8.01%,$0.24B,$1.48B,16.08%,$448,$305,$142,$11,$70,$387,$60,$-0,$60,$6,$54,$56,$56,$86,$60,$74,75,$0.76,$0.75,$226,$208,$37,$767,$827,$92,$128,$22,$1107,$1874,$288,$196,$42,$304,$592,$19,$1258,$-144,$1282,$1874,$100,$52,$9,$61,$0,$0,$0,$-34,$-34,$127,$-48,$0,$0,$0,$0,$0,$3,$-46,$0,$0,$0,$-62,$-62,$-21,$0,$-83,$-10,$9,$-21
2,2018-03-31,88.03,$17.74,4.96,$21.48,4.1,$3.55,24.81,$1.76,50.02,$0.74B,$0.26B,2.82,$0.20B,$1.31B,0.15,$1.63B,$0.51B,31.45%,$1.63B,$0.22B,13.64%,$1.63B,$0.22B,13.64%,$1.63B,$0.32B,19.78%,$1.63B,$0.22B,13.33%,$1.63B,$0.13B,8.23%,$0.13B,$1.31B,10.42%,$0.13B,$1.17B,11.59%,$0.13B,$1.87B,7.14%,$0.22B,$1.50B,14.97%,$416,$281,$134,$10,$68,$362,$53,$0,$54,$13,$41,$44,$44,$80,$53,$74,76,$0.59,$0.58,$200,$216,$38,$744,$858,$90,$132,$22,$1126,$1870,$263,$198,$36,$301,$564,$19,$1223,$-96,$1305,$1870,$44,$26,$3,$30,$0,$0,$0,$-28,$-28,$45,$-28,$0,$0,$0,$0,$0,$-1,$-29,$0,$0,$0,$-47,$-47,$-10,$0,$-57,$-36,$3,$-10
3,2017-12-31,98.24,$17.32,5.67,$21.15,4.64,$3.10,31.7,$1.99,49.37,$0.74B,$0.28B,2.66,$0.20B,$1.28B,0.15,$1.60B,$0.51B,32.00%,$1.60B,$0.23B,14.38%,$1.60B,$0.23B,14.38%,$1.60B,$0.33B,20.38%,$1.60B,$0.22B,13.94%,$1.60B,$0.15B,9.44%,$0.15B,$1.28B,12.06%,$0.15B,$1.15B,13.44%,$0.15B,$1.86B,8.20%,$0.23B,$1.48B,15.88%,$416,$287,$128,$10,$56,$352,$64,$-4,$59,$62,$-3,$0,$0,$88,$64,$74,76,$-0.01,$0.00,$236,$215,$39,$744,$855,$86,$129,$23,$1119,$1863,$280,$197,$43,$303,$583,$19,$1178,$-117,$1280,$1863,$151,$97,$57,$154,$-40,$-4,$13,$-11,$-41,$263,$-131,$0,$-6,$0,$0,$0,$3,$-134,$-35,$0,$-35,$-34,$-34,$-39,$-1,$-109,$33,$16,$-39
4,2017-09-30,95.7,$17.72,5.4,$20.77,4.61,$2.01,47.69,$2.51,38.13,$0.78B,$0.30B,2.59,$0.20B,$1.32B,0.15,$1.57B,$0.51B,32.38%,$1.57B,$0.22B,14.05%,$1.57B,$0.22B,14.05%,$1.57B,$0.32B,20.11%,$1.57B,$0.22B,13.86%,$1.57B,$0.19B,12.13%,$0.19B,$1.32B,15.68%,$0.19B,$1.19B,17.54%,$0.19B,$1.93B,10.52%,$0.22B,$1.51B,15.55%,$398,$273,$125,$9,$63,$335,$63,$0,$63,$14,$49,$51,$51,$88,$63,$74,76,$0.69,$0.67,$269,$216,$40,$777,$835,$85,$130,$17,$1154,$1930,$300,$197,$46,$314,$614,$19,$1189,$-131,$1317,$1930,$151,$72,$25,$97,$0,$0,$0,$-65,$-65,$182,$-101,$0,$-6,$0,$0,$0,$3,$-104,$-2,$0,$-2,$9,$9,$-29,$-1,$-23,$66,$14,$-29
5,2017-06-30,93.84,$16.79,5.59,$20.54,4.57,$1.28,73.41,$2.34,40.1,$0.72B,$0.29B,2.48,$0.20B,$1.24B,0.16,$1.55B,$0.50B,32.56%,$1.55B,$0.21B,13.46%,$1.55B,$0.21B,13.46%,$1.55B,$0.30B,19.48%,$1.55B,$0.20B,13.14%,$1.55B,$0.18B,11.46%,$0.18B,$1.24B,15.16%,$0.18B,$1.11B,17.02%,$0.18B,$1.84B,10.07%,$0.21B,$1.44B,15.08%,$398,$273,$125,$10,$61,$356,$42,$-1,$41,$3,$38,$39,$39,$66,$42,$74,76,$0.53,$0.51,$227,$211,$38,$718,$812,$84,$129,$16,$1125,$1843,$289,$196,$47,$312,$601,$19,$1148,$-152,$1242,$1843,$100,$47,$20,$67,$0,$0,$0,$-61,$-61,$106,$-67,$0,$-6,$0,$0,$0,$3,$-70,$-1,$0,$-1,$1,$1,$-19,$-0,$-20,$24,$9,$-19
6,2017-03-31,80.89,$15.88,5.09,$20.48,3.95,$0.83,97.08,$2.43,33.29,$0.65B,$0.26B,2.54,$0.19B,$1.17B,0.17,$1.54B,$0.51B,33.29%,$1.54B,$0.23B,14.79%,$1.54B,$0.23B,14.79%,$1.54B,$0.32B,20.78%,$1.54B,$0.22B,14.46%,$1.54B,$0.18B,11.92%,$0.18B,$1.17B,16.13%,$0.18B,$1.04B,18.18%,$0.18B,$1.73B,10.62%,$0.23B,$1.36B,16.77%,$388,$254,$134,$10,$63,$327,$61,$-1,$60,$2,$57,$61,$61,$84,$61,$73,75,$0.83,$0.81,$169,$212,$46,$653,$783,$81,$127,$22,$1081,$1734,$257,$194,$47,$308,$565,$19,$1119,$-179,$1169,$1734,$61,$23,$4,$27,$0,$0,$0,$-67,$-67,$21,$-38,$0,$0,$0,$0,$0,$3,$-35,$-1,$0,$-1,$-12,$-12,$-10,$-0,$-22,$-34,$4,$-10
7,2016-12-31,83.95,$15.29,5.49,$20.19,4.16,$0.57,146.85,$1.92,43.73,$0.64B,$0.24B,2.66,$0.23B,$1.12B,0.2,$1.51B,$0.50B,33.13%,$1.51B,$0.20B,12.99%,$1.51B,$0.20B,12.99%,$1.51B,$0.29B,19.02%,$1.51B,$0.19B,12.59%,$1.51B,$0.14B,9.54%,$0.14B,$1.12B,12.96%,$0.14B,$0.99B,14.67%,$0.14B,$1.72B,8.44%,$0.20B,$1.34B,14.64%,$382,$259,$123,$10,$61,$328,$54,$-1,$53,$16,$37,$39,$39,$77,$54,$73,75,$0.53,$0.51,$203,$199,$39,$642,$778,$83,$126,$21,$1075,$1717,$241,$226,$47,$358,$599,$18,$1072,$-187,$1118,$1717,$144,$91,$44,$135,$-23,$-21,$6,$-20,$-59,$219,$-170,$0,$0,$0,$-8,$-8,$3,$-176,$-70,$0,$-70,$-26,$-26,$-36,$18,$-114,$-72,$20,$-36
8,2016-09-30,73.6,$15.61,4.72,$19.97,3.69,$1.01,72.83,$1.85,39.78,$0.66B,$0.24B,2.78,$0.23B,$1.14B,0.2,$1.49B,$0.50B,33.42%,$1.49B,$0.19B,12.58%,$1.49B,$0.19B,12.58%,$1.49B,$0.28B,18.76%,$1.49B,$0.18B,12.10%,$1.49B,$0.14B,9.28%,$0.14B,$1.14B,12.69%,$0.14B,$1.01B,14.46%,$0.14B,$1.74B,8.11%,$0.19B,$1.37B,14.20%,$377,$256,$121,$9,$58,$325,$51,$-2,$49,$14,$35,$38,$38,$74,$51,$73,75,$0.51,$0.50,$206,$201,$42,$658,$773,$81,$130,$23,$1077,$1735,$237,$229,$50,$356,$593,$18,$1042,$-144,$1142,$1735,$105,$68,$30,$98,$0,$0,$0,$-55,$-55,$148,$-123,$0,$0,$0,$-8,$-8,$2,$-129,$-69,$0,$-69,$-6,$-6,$-26,$14,$-88,$-69,$14,$-26
9,2016-06-30,74.84,$15.16,4.94,$19.61,3.82,$1.46,51.33,$1.37,54.63,$0.66B,$0.24B,2.75,$0.23B,$1.11B,0.21,$1.46B,$0.48B,33.26%,$1.46B,$0.13B,9.07%,$1.46B,$0.13B,9.07%,$1.46B,$0.22B,15.40%,$1.46B,$0.12B,8.52%,$1.46B,$0.10B,7.01%,$0.10B,$1.11B,9.71%,$0.10B,$0.98B,11.16%,$0.10B,$1.71B,6.06%,$0.13B,$1.34B,10.31%,$388,$255,$133,$9,$63,$327,$61,$-2,$60,$17,$43,$45,$45,$84,$61,$73,75,$0.61,$0.60,$203,$198,$40,$659,$741,$78,$130,$23,$1046,$1705,$239,$229,$52,$356,$596,$18,$1014,$-150,$1109,$1705,$67,$45,$28,$73,$0,$0,$0,$-61,$-61,$79,$-74,$0,$0,$0,$-8,$-8,$1,$-81,$-69,$0,$-69,$1,$1,$-18,$13,$-73,$-72,$10,$-18
10,2016-03-31,68.26,$14.69,4.65,$19.30,3.54,$1.64,41.63,$1.15,59.36,$0.63B,$0.24B,2.62,$0.23B,$1.07B,0.21,$1.43B,$0.47B,32.87%,$1.43B,$0.11B,7.71%,$1.43B,$0.11B,7.71%,$1.43B,$0.20B,14.09%,$1.43B,$0.10B,7.01%,$1.43B,$0.09B,5.96%,$0.09B,$1.07B,8.33%,$0.09B,$0.94B,9.66%,$0.09B,$1.67B,5.08%,$0.11B,$1.30B,8.79%,$362,$239,$123,$9,$58,$332,$30,$-2,$28,$7,$21,$22,$22,$52,$30,$73,74,$0.31,$0.30,$178,$194,$49,$631,$733,$62,$132,$24,$1038,$1668,$241,$230,$50,$353,$594,$18,$978,$-148,$1074,$1668,$22,$22,$19,$41,$0,$0,$0,$-60,$-60,$3,$-39,$0,$0,$0,$0,$0,$0,$-39,$-68,$0,$-68,$1,$1,$-9,$11,$-65,$-97,$5,$-9
11,2015-12-31,59.17,$14.16,4.18,$19.00,3.11,$1.68,35.13,$1.30,45.52,$0.67B,$0.31B,2.14,$0.23B,$1.02B,0.22,$1.40B,$0.46B,32.55%,$1.40B,$0.13B,9.14%,$1.40B,$0.13B,9.14%,$1.40B,$0.22B,15.63%,$1.40B,$0.12B,8.28%,$1.40B,$0.10B,6.85%,$0.10B,$1.02B,9.72%,$0.10B,$0.88B,11.38%,$0.10B,$1.70B,5.80%,$0.13B,$1.25B,10.50%,$360,$240,$120,$10,$62,$315,$45,$-3,$43,$11,$31,$33,$33,$69,$45,$72,74,$0.46,$0.45,$275,$181,$37,$674,$721,$61,$142,$26,$1021,$1695,$314,$229,$0,$357,$671,$18,$965,$-163,$1024,$1695,$96,$90,$38,$128,$-14,$-11,$17,$-3,$-11,$212,$-132,$0,$0,$0,$-2,$-2,$4,$-130,$44,$0,$44,$10,$10,$-32,$-63,$-42,$19,$30,$-32
12,2015-09-30,53.06,$13.80,3.84,$18.93,2.8,$1.57,33.91,$1.28,41.46,$0.68B,$0.30B,2.27,$0.23B,$1.00B,0.23,$1.39B,$0.45B,32.06%,$1.39B,$0.13B,9.20%,$1.39B,$0.13B,9.20%,$1.39B,$0.22B,15.60%,$1.39B,$0.12B,8.27%,$1.39B,$0.09B,6.76%,$0.09B,$1.00B,9.69%,$0.09B,$0.85B,11.40%,$0.09B,$1.67B,5.70%,$0.13B,$1.23B,10.48%,$345,$236,$108,$9,$55,$348,$-4,$-3,$-7,$-7,$-0,$2,$2,$19,$-4,$72,74,$0.02,$0.02,$257,$188,$34,$681,$690,$59,$144,$26,$986,$1667,$300,$232,$49,$371,$671,$18,$940,$-154,$995,$1667,$62,$67,$71,$137,$0,$0,$0,$-55,$-55,$144,$-87,$0,$0,$0,$0,$0,$1,$-86,$-27,$0,$-27,$6,$6,$-24,$4,$-40,$2,$24,$-24
13,2015-06-30,56.85,$13.74,4.14,$19.17,2.97,$1.50,37.82,$1.69,33.64,$0.68B,$0.31B,2.17,$0.23B,$0.99B,0.23,$1.40B,$0.45B,31.95%,$1.40B,$0.18B,12.55%,$1.40B,$0.18B,12.55%,$1.40B,$0.27B,18.90%,$1.40B,$0.16B,11.63%,$1.40B,$0.12B,8.77%,$0.12B,$0.99B,12.76%,$0.12B,$0.85B,15.07%,$0.12B,$1.66B,7.45%,$0.18B,$1.22B,14.24%,$360,$242,$118,$8,$61,$321,$39,$-3,$36,$9,$27,$28,$28,$61,$39,$72,74,$0.39,$0.38,$252,$187,$34,$680,$685,$60,$145,$27,$984,$1664,$314,$232,$50,$361,$674,$18,$947,$-160,$989,$1664,$61,$44,$19,$63,$0,$0,$0,$-49,$-49,$76,$-57,$0,$0,$0,$0,$0,$1,$-56,$42,$0,$42,$4,$4,$-16,$-40,$-10,$-3,$21,$-16
14,2015-03-31,58.82,$13.09,4.49,$19.38,3.03,$1.48,39.63,$1.83,32.14,$0.63B,$0.30B,2.11,$0.23B,$0.94B,0.25,$1.41B,$0.45B,32.03%,$1.41B,$0.19B,13.54%,$1.41B,$0.19B,13.54%,$1.41B,$0.28B,19.91%,$1.41B,$0.18B,12.54%,$1.41B,$0.13B,9.43%,$0.13B,$0.94B,13.85%,$0.13B,$0.80B,16.46%,$0.13B,$1.60B,8.01%,$0.19B,$1.17B,15.11%,$336,$226,$110,$8,$55,$288,$48,$-4,$44,$13,$32,$33,$33,$70,$48,$72,73,$0.46,$0.45,$207,$183,$36,$625,$676,$59,$145,$27,$971,$1596,$297,$232,$50,$358,$655,$18,$927,$-170,$941,$1596,$33,$22,$4,$26,$0,$0,$0,$-61,$-61,$-2,$-30,$0,$0,$0,$0,$0,$-0,$-31,$6,$0,$6,$2,$2,$-8,$2,$1,$-48,$5,$-8
15,2014-12-31,51.9,$13.42,3.87,$19.60,2.65,$1.61,32.27,$1.76,29.49,$0.66B,$0.25B,2.61,$0.31B,$0.96B,0.32,$1.42B,$0.45B,31.50%,$1.42B,$0.18B,12.80%,$1.42B,$0.18B,12.80%,$1.42B,$0.27B,19.13%,$1.42B,$0.17B,11.88%,$1.42B,$0.13B,8.93%,$0.13B,$0.96B,13.25%,$0.13B,$0.81B,15.84%,$0.13B,$1.67B,7.52%,$0.18B,$1.27B,13.98%,$350,$240,$110,$8,$59,$305,$45,$-3,$42,$12,$30,$31,$31,$67,$45,$71,73,$0.44,$0.42,$255,$182,$36,$659,$706,$61,$151,$28,$1011,$1670,$253,$308,$53,$460,$713,$18,$902,$-119,$957,$1670,$127,$90,$-4,$86,$-6,$-16,$-4,$-5,$-31,$183,$-112,$-0,$0,$8,$-1,$7,$1,$-104,$-22,$0,$-22,$13,$13,$-29,$8,$-31,$25,$19,$-29
16,2014-09-30,43.52,$13.64,3.19,$19.59,2.22,$1.59,27.31,$1.66,26.22,$0.68B,$0.24B,2.8,$0.32B,$0.97B,0.33,$1.42B,$0.45B,31.45%,$1.42B,$0.17B,12.30%,$1.42B,$0.17B,12.30%,$1.42B,$0.26B,18.66%,$1.42B,$0.16B,11.38%,$1.42B,$0.12B,8.48%,$0.12B,$0.97B,12.68%,$0.12B,$0.82B,15.26%,$0.12B,$1.67B,7.10%,$0.17B,$1.29B,13.33%,$356,$246,$110,$10,$56,$312,$44,$-3,$41,$12,$30,$31,$31,$67,$44,$71,73,$0.44,$0.43,$247,$186,$33,$680,$695,$62,$154,$23,$994,$1673,$243,$316,$52,$461,$703,$18,$879,$-71,$970,$1673,$96,$68,$9,$77,$0,$0,$0,$-36,$-36,$137,$-85,$0,$0,$8,$0,$8,$-0,$-78,$221,$0,$221,$9,$9,$-21,$-237,$-29,$17,$13,$-21
17,2014-06-30,40.91,$13.74,2.98,$19.48,2.1,$1.42,28.88,$1.60,25.57,$0.69B,$0.22B,3.1,$0.36B,$0.97B,0.37,$1.40B,$0.44B,31.48%,$1.40B,$0.17B,12.13%,$1.40B,$0.17B,12.13%,$1.40B,$0.26B,18.49%,$1.40B,$0.16B,11.13%,$1.40B,$0.12B,8.28%,$0.12B,$0.97B,12.71%,$0.12B,$0.81B,15.44%,$0.12B,$1.71B,6.87%,$0.17B,$1.33B,13.20%,$369,$247,$122,$10,$58,$315,$54,$-4,$50,$14,$36,$38,$38,$77,$54,$71,72,$0.53,$0.52,$227,$188,$44,$685,$709,$60,$160,$24,$1019,$1705,$221,$359,$53,$511,$732,$18,$856,$-35,$973,$1705,$65,$45,$7,$52,$0,$0,$0,$-44,$-44,$73,$-56,$0,$0,$-1,$0,$-1,$0,$-57,$182,$0,$182,$3,$3,$-14,$-189,$-19,$-3,$9,$-14
18,2014-03-31,42.63,$13.24,3.22,$19.25,2.21,$1.39,30.65,$1.51,28.23,$0.69B,$0.23B,3.02,$0.39B,$0.94B,0.42,$1.38B,$0.43B,31.23%,$1.38B,$0.16B,11.55%,$1.38B,$0.16B,11.55%,$1.38B,$0.25B,17.79%,$1.38B,$0.15B,10.53%,$1.38B,$0.11B,7.84%,$0.11B,$0.94B,12.48%,$0.11B,$0.77B,15.35%,$0.11B,$1.71B,6.49%,$0.16B,$1.33B,12.72%,$347,$240,$106,$10,$56,$308,$39,$-4,$36,$10,$26,$27,$27,$61,$39,$71,72,$0.38,$0.38,$230,$188,$44,$687,$712,$59,$161,$24,$1022,$1708,$228,$391,$53,$546,$774,$18,$825,$-34,$935,$1708,$27,$22,$3,$25,$0,$0,$0,$-43,$-43,$9,$-32,$0,$0,$-4,$0,$-4,$0,$-36,$125,$0,$125,$-1,$-1,$-7,$-91,$26,$0,$4,$-7
19,2013-12-31,47.38,$12.91,3.67,$19.28,2.46,$1.10,43.12,$1.58,29.99,$0.65B,$0.24B,2.75,$0.37B,$0.91B,0.41,$1.37B,$0.44B,31.85%,$1.37B,$0.16B,11.91%,$1.37B,$0.16B,11.91%,$1.37B,$0.25B,18.12%,$1.37B,$0.15B,10.81%,$1.37B,$0.11B,8.25%,$0.11B,$0.91B,13.81%,$0.11B,$0.74B,17.21%,$0.11B,$1.67B,6.93%,$0.16B,$1.28B,13.45%,$343,$236,$107,$10,$60,$306,$37,$-3,$34,$11,$23,$24,$24,$59,$37,$70,71,$0.33,$0.32,$230,$177,$42,$651,$712,$61,$163,$24,$1021,$1672,$237,$371,$55,$528,$765,$18,$805,$-32,$906,$1672,$112,$85,$27,$112,$-9,$-14,$5,$15,$-4,$221,$-152,$0,$-4,$5,$0,$5,$1,$-150,$305,$0,$305,$19,$19,$-27,$-303,$-5,$68,$21,$-27
20,2013-09-30,39.66,$12.00,3.3,$18.96,2.09,$0.92,43.14,$1.55,25.59,$0.64B,$0.25B,2.61,$0.38B,$0.84B,0.46,$1.35B,$0.43B,31.68%,$1.35B,$0.16B,11.72%,$1.35B,$0.16B,11.72%,$1.35B,$0.24B,17.88%,$1.35B,$0.14B,10.53%,$1.35B,$0.11B,8.16%,$0.11B,$0.84B,14.21%,$0.11B,$0.68B,17.97%,$0.11B,$1.67B,6.85%,$0.16B,$1.22B,13.51%,$342,$236,$106,$10,$56,$302,$40,$-4,$36,$11,$25,$27,$27,$62,$40,$70,71,$0.38,$0.37,$229,$177,$30,$644,$682,$59,$162,$26,$1021,$1665,$247,$381,$54,$581,$828,$18,$789,$-70,$837,$1665,$89,$63,$12,$75,$0,$0,$0,$-12,$-12,$152,$-113,$0,$0,$5,$0,$5,$-3,$-111,$263,$0,$263,$12,$12,$-20,$-237,$18,$60,$16,$-20
21,2013-06-30,33.77,$11.27,3.0,$18.55,1.82,$0.66,51.52,$1.40,24.21,$0.61B,$0.22B,2.8,$0.40B,$0.78B,0.5,$1.31B,$0.41B,31.37%,$1.31B,$0.14B,10.99%,$1.31B,$0.14B,10.99%,$1.31B,$0.23B,17.18%,$1.31B,$0.13B,9.77%,$1.31B,$0.10B,7.48%,$0.10B,$0.78B,13.17%,$0.10B,$0.62B,16.83%,$0.10B,$1.61B,6.24%,$0.14B,$1.18B,12.69%,$345,$234,$111,$10,$60,$302,$43,$-4,$39,$10,$29,$30,$30,$63,$43,$70,71,$0.44,$0.43,$198,$177,$34,$613,$663,$58,$161,$25,$999,$1613,$219,$395,$58,$610,$829,$9,$775,$-91,$784,$1613,$62,$41,$8,$49,$0,$0,$0,$-13,$-13,$98,$-84,$0,$0,$5,$0,$5,$-3,$-82,$192,$0,$192,$7,$7,$-13,$-171,$15,$29,$10,$-13
22,2013-03-31,31.12,$10.75,2.9,$18.12,1.72,$0.40,77.25,$1.19,26.15,$0.59B,$0.21B,2.83,$0.43B,$0.75B,0.57,$1.29B,$0.40B,30.93%,$1.29B,$0.14B,10.62%,$1.29B,$0.14B,10.62%,$1.29B,$0.22B,16.74%,$1.29B,$0.11B,8.45%,$1.29B,$0.08B,6.51%,$0.08B,$0.75B,11.70%,$0.08B,$0.59B,15.09%,$0.08B,$1.58B,5.48%,$0.14B,$1.17B,12.64%,$339,$228,$112,$9,$59,$296,$43,$-4,$39,$9,$31,$32,$32,$64,$43,$69,70,$0.46,$0.45,$183,$174,$35,$590,$659,$56,$161,$24,$987,$1577,$208,$428,$40,$623,$831,$9,$745,$-93,$746,$1577,$32,$21,$5,$25,$0,$0,$0,$-38,$-38,$19,$-62,$0,$0,$4,$0,$4,$-0,$-58,$133,$0,$133,$3,$3,$-7,$-75,$56,$13,$5,$-7
23,2012-12-31,26.14,$10.63,2.46,$17.56,1.49,$0.76,34.36,$1.15,22.83,$0.56B,$0.26B,2.13,$0.38B,$0.73B,0.52,$1.27B,$0.39B,30.62%,$1.27B,$0.14B,10.73%,$1.27B,$0.14B,10.73%,$1.27B,$0.21B,16.73%,$1.27B,$0.11B,8.52%,$1.27B,$0.08B,6.39%,$0.08B,$0.73B,11.49%,$0.08B,$0.57B,14.92%,$0.08B,$1.56B,5.39%,$0.14B,$1.11B,13.10%,$322,$224,$98,$9,$59,$290,$32,$-3,$28,$7,$21,$21,$21,$52,$32,$68,72,$0.31,$0.31,$174,$162,$38,$557,$669,$60,$163,$25,$1007,$1564,$262,$379,$38,$573,$835,$17,$720,$-76,$729,$1564,$81,$77,$33,$110,$-26,$-9,$6,$26,$-3,$187,$-131,$-1,$0,$14,$0,$14,$2,$-116,$521,$0,$521,$6,$6,$-25,$-505,$-3,$70,$16,$-25
24,2012-09-30,25.25,$10.45,2.42,$17.07,1.48,$0.46,55.31,$1.12,22.65,$0.56B,$0.28B,2.02,$0.36B,$0.72B,0.51,$1.24B,$0.38B,30.24%,$1.24B,$0.13B,10.56%,$1.24B,$0.13B,10.56%,$1.24B,$0.21B,16.53%,$1.24B,$0.10B,8.31%,$1.24B,$0.08B,6.37%,$0.08B,$0.72B,11.50%,$0.08B,$0.56B,15.07%,$0.08B,$1.53B,5.41%,$0.13B,$1.08B,13.10%,$304,$213,$90,$8,$54,$278,$26,$-4,$22,$9,$13,$15,$15,$46,$26,$68,69,$0.22,$0.21,$165,$166,$36,$557,$637,$61,$162,$25,$970,$1527,$276,$362,$38,$535,$810,$9,$712,$-72,$717,$1527,$60,$57,$25,$82,$0,$0,$0,$-24,$-24,$118,$-98,$0,$0,$5,$0,$5,$0,$-93,$427,$0,$427,$4,$4,$-18,$-387,$26,$51,$12,$-18
25,2012-06-30,23.94,$9.99,2.4,$16.66,1.44,$0.54,44.06,$1.15,20.91,$0.52B,$0.32B,1.62,$0.30B,$0.68B,0.44,$1.23B,$0.37B,29.76%,$1.23B,$0.13B,10.65%,$1.23B,$0.13B,10.65%,$1.23B,$0.20B,16.59%,$1.23B,$0.10B,8.37%,$1.23B,$0.08B,6.59%,$0.08B,$0.68B,11.91%,$0.08B,$0.52B,15.67%,$0.08B,$1.46B,5.67%,$0.13B,$0.98B,13.32%,$325,$226,$99,$8,$54,$289,$36,$-16,$20,$7,$14,$16,$16,$54,$36,$68,73,$0.23,$0.23,$133,$159,$33,$517,$620,$58,$160,$25,$946,$1463,$320,$296,$35,$463,$783,$9,$697,$-89,$680,$1463,$45,$37,$20,$58,$0,$0,$0,$-36,$-36,$66,$-69,$0,$0,$1,$0,$1,$0,$-68,$33,$0,$33,$2,$2,$-12,$-4,$18,$15,$0,$-12
26,2012-03-31,20.08,$10.13,1.98,$16.38,1.23,$0.74,26.99,$1.21,16.66,$0.50B,$0.30B,1.66,$0.30B,$0.70B,0.42,$1.21B,$0.35B,29.02%,$1.21B,$0.12B,10.14%,$1.21B,$0.12B,10.14%,$1.21B,$0.20B,16.24%,$1.21B,$0.11B,8.82%,$1.21B,$0.09B,7.01%,$0.09B,$0.70B,12.42%,$0.09B,$0.53B,16.40%,$0.09B,$1.46B,6.00%,$0.12B,$0.99B,12.23%,$316,$215,$101,$8,$51,$275,$42,$-4,$38,$10,$28,$29,$29,$60,$42,$68,74,$0.43,$0.41,$127,$158,$35,$503,$619,$58,$164,$29,$955,$1457,$302,$295,$33,$460,$763,$9,$688,$-59,$695,$1457,$29,$19,$2,$21,$0,$0,$0,$-36,$-36,$14,$-32,$0,$0,$0,$0,$0,$0,$-32,$29,$0,$29,$1,$1,$-6,$0,$24,$8,$0,$-6
27,2011-12-31,17.83,$9.72,1.83,$16.13,1.11,$0.86,20.73,$1.08,16.51,$0.47B,$0.24B,1.94,$0.30B,$0.66B,0.46,$1.19B,$0.34B,28.44%,$1.19B,$0.11B,9.23%,$1.19B,$0.11B,9.23%,$1.19B,$0.19B,15.52%,$1.19B,$0.09B,7.80%,$1.19B,$0.08B,6.38%,$0.08B,$0.66B,11.24%,$0.08B,$0.49B,14.94%,$0.08B,$1.40B,5.45%,$0.11B,$0.95B,10.84%,$295,$210,$85,$7,$48,$269,$27,$-4,$23,$6,$17,$19,$19,$45,$27,$67,74,$0.28,$0.27,$118,$152,$47,$472,$594,$56,$164,$29,$927,$1399,$243,$299,$54,$501,$744,$9,$665,$-72,$655,$1399,$76,$76,$1,$76,$-26,$-9,$25,$-11,$-21,$131,$-95,$-1,$0,$-26,$0,$-26,$2,$-121,$193,$0,$193,$2,$2,$-23,$-197,$-25,$-18,$8,$-23
28,2011-09-30,17.35,$10.08,1.72,$15.91,1.09,$1.30,13.36,$0.90,19.27,$0.50B,$0.23B,2.2,$0.32B,$0.69B,0.47,$1.17B,$0.33B,28.28%,$1.17B,$0.09B,7.58%,$1.17B,$0.09B,7.58%,$1.17B,$0.17B,14.05%,$1.17B,$0.07B,6.13%,$1.17B,$0.06B,5.37%,$0.06B,$0.69B,9.42%,$0.06B,$0.53B,12.59%,$0.06B,$1.40B,4.60%,$0.09B,$1.02B,8.70%,$294,$212,$81,$8,$46,$268,$26,$-4,$22,$7,$15,$17,$17,$45,$26,$68,74,$0.25,$0.25,$119,$156,$65,$504,$576,$55,$166,$29,$895,$1398,$229,$323,$51,$478,$707,$9,$658,$-25,$691,$1398,$57,$57,$2,$60,$0,$0,$0,$-27,$-27,$89,$-62,$0,$0,$-23,$0,$-23,$1,$-84,$17,$-1,$16,$2,$2,$-17,$3,$3,$9,$0,$-17
29,2011-06-30,20.38,$10.15,2.01,$15.64,1.3,$1.50,13.61,$0.91,22.4,$0.51B,$0.19B,2.65,$0.37B,$0.70B,0.53,$1.15B,$0.33B,28.32%,$1.15B,$0.09B,7.65%,$1.15B,$0.09B,7.65%,$1.15B,$0.16B,14.25%,$1.15B,$0.07B,6.17%,$1.15B,$0.06B,5.56%,$0.06B,$0.70B,9.78%,$0.06B,$0.53B,13.20%,$0.06B,$1.42B,4.76%,$0.09B,$1.06B,8.64%,$308,$223,$85,$7,$46,$280,$28,$-4,$24,$5,$18,$20,$20,$47,$28,$67,74,$0.30,$0.29,$110,$161,$62,$510,$582,$51,$170,$30,$905,$1415,$193,$367,$46,$527,$719,$9,$641,$-1,$696,$1415,$40,$39,$3,$42,$0,$0,$0,$-33,$-33,$49,$-38,$-0,$0,$-15,$0,$-15,$1,$-52,$6,$-1,$6,$0,$0,$-11,$3,$-3,$0,$0,$-11
30,2011-03-31,20.78,$9.93,2.09,$15.32,1.36,$1.49,13.97,$0.94,22.22,$0.48B,$0.18B,2.63,$0.37B,$0.66B,0.55,$1.13B,$0.32B,28.80%,$1.13B,$0.09B,8.09%,$1.13B,$0.09B,8.09%,$1.13B,$0.17B,14.67%,$1.13B,$0.07B,6.58%,$1.13B,$0.07B,5.87%,$0.07B,$0.66B,10.59%,$0.07B,$0.49B,14.47%,$0.07B,$1.37B,5.09%,$0.09B,$1.03B,9.24%,$295,$207,$88,$7,$51,$267,$29,$-5,$24,$6,$18,$20,$20,$48,$29,$67,74,$0.30,$0.28,$95,$157,$57,$481,$575,$49,$170,$23,$885,$1366,$183,$365,$43,$520,$703,$9,$627,$-11,$663,$1366,$20,$20,$2,$22,$0,$0,$0,$-32,$-32,$10,$-19,$-0,$0,$-10,$0,$-10,$0,$-29,$6,$-0,$6,$-1,$-1,$-5,$1,$0,$-16,$0,$-5
31,2010-12-31,19.04,$9.39,2.03,$15.07,1.26,$1.54,12.39,$0.94,20.25,$0.44B,$0.17B,2.57,$0.36B,$0.63B,0.57,$1.11B,$0.32B,28.78%,$1.11B,$0.09B,8.24%,$1.11B,$0.09B,8.24%,$1.11B,$0.16B,14.84%,$1.11B,$0.08B,6.79%,$1.11B,$0.07B,5.97%,$0.07B,$0.63B,10.96%,$0.07B,$0.46B,15.14%,$0.07B,$1.29B,5.21%,$0.09B,$0.98B,9.48%,$277,$199,$78,$7,$50,$271,$6,$-4,$2,$-4,$5,$6,$6,$26,$6,$67,73,$0.09,$0.10,$110,$147,$43,$437,$555,$48,$168,$23,$858,$1294,$170,$358,$34,$499,$669,$9,$613,$-31,$626,$1294,$65,$73,$12,$86,$9,$-21,$-0,$-1,$-13,$138,$-71,$-3,$-4,$0,$-7,$-7,$11,$-74,$27,$-1,$26,$2,$2,$-22,$-39,$-34,$27,$8,$-22
32,2010-09-30,15.78,$9.21,1.71,$15.34,1.03,$1.07,14.71,$1.15,13.78,$0.44B,$0.16B,2.79,$0.37B,$0.63B,0.58,$1.12B,$0.32B,28.90%,$1.12B,$0.11B,9.55%,$1.12B,$0.11B,9.55%,$1.12B,$0.18B,15.97%,$1.12B,$0.09B,8.12%,$1.12B,$0.08B,7.14%,$0.08B,$0.63B,13.55%,$0.08B,$0.46B,18.88%,$0.08B,$1.30B,6.34%,$0.11B,$1.00B,11.22%,$271,$197,$75,$6,$45,$246,$25,$-4,$21,$5,$17,$18,$18,$44,$25,$67,73,$0.27,$0.26,$97,$148,$45,$441,$557,$44,$170,$20,$858,$1300,$158,$369,$34,$509,$668,$9,$618,$-28,$632,$1300,$59,$54,$1,$55,$0,$0,$0,$-23,$-23,$91,$-50,$0,$-4,$-3,$0,$-3,$1,$-55,$-5,$0,$-5,$1,$1,$-16,$0,$-19,$14,$0,$-16
33,2010-06-30,16.71,$8.32,2.01,$15.20,1.1,$0.63,26.54,$1.14,14.66,$0.40B,$0.16B,2.55,$0.36B,$0.57B,0.63,$1.11B,$0.32B,28.94%,$1.11B,$0.11B,9.74%,$1.11B,$0.11B,9.74%,$1.11B,$0.18B,16.14%,$1.11B,$0.09B,8.30%,$1.11B,$0.08B,7.12%,$0.08B,$0.57B,13.76%,$0.08B,$0.41B,19.42%,$0.08B,$1.22B,6.31%,$0.11B,$0.93B,11.45%,$282,$199,$83,$6,$46,$251,$31,$-4,$27,$7,$20,$22,$22,$48,$31,$67,73,$0.33,$0.31,$68,$143,$40,$404,$533,$40,$160,$22,$818,$1222,$159,$357,$36,$493,$651,$9,$600,$-65,$571,$1222,$42,$35,$1,$36,$0,$0,$0,$-35,$-35,$43,$-33,$0,$-1,$0,$-3,$-3,$0,$-37,$-5,$-1,$-5,$0,$0,$-11,$0,$-15,$-16,$0,$-11
34,2010-03-31,19.14,$8.45,2.26,$14.97,1.28,$0.45,42.61,$1.12,17.16,$0.41B,$0.18B,2.2,$0.35B,$0.58B,0.6,$1.09B,$0.32B,29.14%,$1.09B,$0.11B,9.74%,$1.09B,$0.11B,9.74%,$1.09B,$0.18B,16.18%,$1.09B,$0.09B,8.27%,$1.09B,$0.08B,7.08%,$0.08B,$0.58B,13.64%,$0.08B,$0.41B,19.31%,$0.08B,$1.25B,6.15%,$0.11B,$0.93B,11.26%,$275,$193,$82,$5,$47,$246,$29,$-4,$25,$6,$19,$20,$20,$47,$29,$66,73,$0.30,$0.29,$66,$145,$40,$405,$556,$40,$166,$19,$849,$1254,$184,$348,$34,$490,$674,$9,$584,$-37,$580,$1254,$20,$18,$1,$19,$0,$0,$0,$-27,$-27,$12,$-18,$0,$-1,$0,$-1,$-1,$0,$-20,$-2,$-0,$-3,$-0,$-0,$-5,$2,$-6,$-17,$0,$-5
35,2009-12-31,17.81,$8.77,2.03,$14.56,1.22,$0.15,116.31,$1.06,16.8,$0.40B,$0.17B,2.32,$0.38B,$0.58B,0.66,$1.06B,$0.30B,28.82%,$1.06B,$0.10B,9.29%,$1.06B,$0.10B,9.29%,$1.06B,$0.17B,15.64%,$1.06B,$0.08B,7.87%,$1.06B,$0.07B,6.82%,$0.07B,$0.58B,13.29%,$0.07B,$0.41B,18.96%,$0.07B,$1.27B,5.88%,$0.10B,$0.96B,10.57%,$293,$210,$84,$6,$45,$272,$22,$-4,$18,$-1,$19,$20,$20,$40,$22,$66,73,$0.31,$0.30,$83,$129,$38,$397,$577,$38,$170,$19,$874,$1271,$171,$379,$34,$521,$692,$9,$569,$-20,$579,$1271,$73,$68,$13,$81,$-6,$-6,$-1,$-3,$-16,$138,$-105,$-3,$-17,$0,$3,$3,$0,$-122,$16,$-4,$12,$4,$4,$-20,$-18,$-23,$-4,$8,$-20
36,2009-09-30,18.38,$8.25,2.23,$13.91,1.32,$-0.35,0.0,$1.03,17.93,$0.40B,$0.16B,2.45,$0.39B,$0.57B,0.7,$1.01B,$0.29B,28.80%,$1.01B,$0.10B,10.03%,$1.01B,$0.10B,10.03%,$1.01B,$0.17B,16.48%,$1.01B,$0.09B,8.54%,$1.01B,$0.07B,6.95%,$0.07B,$0.57B,13.49%,$0.07B,$0.39B,19.42%,$0.07B,$1.26B,5.84%,$0.10B,$0.96B,11.16%,$259,$187,$72,$5,$44,$233,$26,$-4,$22,$6,$16,$17,$17,$44,$26,$66,73,$0.26,$0.25,$80,$136,$37,$399,$570,$36,$172,$20,$865,$1264,$163,$393,$35,$535,$698,$9,$560,$-19,$566,$1264,$52,$50,$6,$55,$0,$0,$0,$-23,$-23,$85,$-76,$-3,$-17,$0,$4,$4,$0,$-92,$5,$-1,$4,$3,$3,$-15,$2,$-5,$-8,$0,$-15
37,2009-06-30,15.7,$7.77,2.02,$13.89,1.13,$-0.43,0.0,$0.98,16.1,$0.40B,$0.16B,2.45,$0.39B,$0.53B,0.73,$1.00B,$0.28B,28.29%,$1.00B,$0.09B,9.26%,$1.00B,$0.09B,9.26%,$1.00B,$0.16B,15.44%,$1.00B,$0.08B,7.77%,$1.00B,$0.07B,6.57%,$0.07B,$0.53B,12.93%,$0.07B,$0.38B,18.51%,$0.07B,$1.22B,5.57%,$0.09B,$0.92B,10.40%,$261,$182,$79,$5,$45,$232,$29,$-3,$25,$6,$19,$20,$20,$45,$29,$66,72,$0.30,$0.29,$87,$130,$32,$396,$548,$34,$154,$21,$821,$1218,$162,$386,$31,$523,$685,$9,$542,$-31,$533,$1218,$35,$32,$3,$35,$0,$0,$0,$-24,$-24,$46,$-49,$-3,$0,$0,$2,$2,$0,$-50,$6,$-0,$6,$2,$2,$-10,$1,$-1,$-3,$0,$-10
38,2009-03-31,14.72,$7.12,2.07,$14.14,1.04,$-0.45,0.0,$1.10,13.38,$0.36B,$0.14B,2.57,$0.38B,$0.49B,0.79,$1.02B,$0.29B,28.28%,$1.02B,$0.11B,10.47%,$1.02B,$0.11B,10.47%,$1.02B,$0.17B,16.44%,$1.02B,$0.09B,9.00%,$1.02B,$0.08B,7.34%,$0.08B,$0.49B,14.59%,$0.08B,$0.34B,20.92%,$0.08B,$1.14B,6.28%,$0.11B,$0.87B,11.89%,$242,$173,$69,$4,$43,$221,$21,$-4,$18,$3,$15,$15,$15,$36,$21,$65,72,$0.24,$0.23,$66,$120,$30,$356,$518,$36,$152,$20,$785,$1142,$139,$384,$33,$514,$653,$9,$528,$-56,$489,$1142,$15,$15,$6,$21,$0,$0,$0,$-39,$-39,$-3,$-24,$-3,$0,$0,$2,$2,$0,$-25,$12,$0,$12,$-0,$-0,$-5,$0,$7,$-25,$0,$-5
39,2008-12-31,16.86,$7.45,2.26,$14.53,1.16,$-0.48,0.0,$1.25,13.49,$0.37B,$0.16B,2.3,$0.38B,$0.49B,0.78,$1.05B,$0.30B,28.92%,$1.05B,$0.12B,11.80%,$1.05B,$0.12B,11.80%,$1.05B,$0.19B,17.60%,$1.05B,$0.11B,10.37%,$1.05B,$0.09B,8.18%,$0.09B,$0.49B,16.56%,$0.09B,$0.33B,23.77%,$0.09B,$1.17B,7.10%,$0.12B,$0.87B,13.57%,$245,$175,$70,$4,$37,$219,$26,$-4,$21,$4,$18,$18,$18,$41,$26,$65,72,$0.27,$0.26,$87,$116,$30,$366,$531,$34,$155,$19,$803,$1169,$159,$382,$34,$523,$682,$9,$517,$-45,$487,$1169,$87,$61,$18,$79,$2,$-13,$-3,$-15,$-30,$135,$-139,$-1,$0,$0,$17,$17,$3,$-120,$10,$3,$13,$1,$1,$-19,$-24,$-29,$-21,$6,$-19
40,2008-09-30,21.72,$7.76,2.8,$14.67,1.48,$-0.43,0.0,$1.09,20.02,$0.41B,$0.17B,2.48,$0.38B,$0.53B,0.72,$1.06B,$0.30B,28.63%,$1.06B,$0.11B,10.08%,$1.06B,$0.11B,10.08%,$1.06B,$0.17B,15.63%,$1.06B,$0.09B,8.76%,$1.06B,$0.07B,6.97%,$0.07B,$0.53B,14.27%,$0.07B,$0.38B,20.61%,$0.07B,$1.21B,6.09%,$0.11B,$0.92B,11.67%,$256,$190,$66,$5,$42,$238,$18,$-4,$14,$1,$13,$14,$13,$33,$18,$65,72,$0.21,$0.20,$109,$125,$31,$411,$519,$34,$155,$21,$800,$1210,$166,$382,$38,$512,$677,$9,$505,$17,$533,$1210,$69,$45,$12,$58,$0,$0,$0,$-35,$-35,$91,$-88,$-0,$0,$0,$15,$15,$1,$-73,$-11,$-0,$-12,$0,$0,$-14,$6,$-19,$-6,$0,$-14
41,2008-06-30,19.2,$7.97,2.41,$14.43,1.33,$-0.46,0.0,$1.07,18.02,$0.44B,$0.18B,2.48,$0.40B,$0.55B,0.73,$1.05B,$0.30B,28.79%,$1.05B,$0.10B,9.72%,$1.05B,$0.10B,9.72%,$1.05B,$0.16B,15.25%,$1.05B,$0.09B,8.58%,$1.05B,$0.07B,6.96%,$0.07B,$0.55B,14.43%,$0.07B,$0.39B,21.39%,$0.07B,$1.25B,6.08%,$0.10B,$0.94B,11.25%,$279,$196,$84,$5,$41,$237,$43,$-4,$39,$11,$28,$29,$29,$58,$43,$65,73,$0.45,$0.41,$112,$127,$39,$443,$522,$35,$160,$23,$810,$1253,$179,$398,$37,$528,$707,$9,$496,$45,$547,$1253,$55,$30,$8,$38,$0,$0,$0,$-44,$-44,$49,$-53,$-0,$0,$0,$11,$11,$0,$-42,$-8,$-0,$-8,$-0,$-0,$-9,$3,$-14,$-6,$0,$-9
42,2008-03-31,19.56,$7.87,2.49,$14.14,1.38,$-0.39,0.0,$1.02,19.18,$0.42B,$0.16B,2.7,$0.42B,$0.51B,0.82,$1.03B,$0.30B,28.53%,$1.03B,$0.09B,9.09%,$1.03B,$0.09B,9.09%,$1.03B,$0.15B,14.60%,$1.03B,$0.08B,8.12%,$1.03B,$0.07B,6.77%,$0.07B,$0.51B,14.21%,$0.07B,$0.35B,21.54%,$0.07B,$1.21B,5.96%,$0.09B,$0.93B,10.56%,$271,$187,$84,$5,$40,$233,$38,$-3,$35,$9,$27,$26,$26,$53,$38,$64,72,$0.41,$0.38,$107,$119,$36,$420,$506,$34,$160,$20,$791,$1211,$156,$417,$36,$545,$701,$9,$472,$36,$510,$1211,$26,$15,$4,$19,$0,$0,$0,$-52,$-52,$-7,$-23,$0,$0,$0,$8,$8,$0,$-15,$10,$-0,$9,$-1,$-1,$-5,$2,$6,$-15,$0,$-5
43,2007-12-31,17.89,$7.51,2.38,$14.12,1.27,$-0.24,0.0,$1.03,17.45,$0.41B,$0.18B,2.25,$0.40B,$0.49B,0.81,$1.02B,$0.29B,28.50%,$1.02B,$0.10B,9.40%,$1.02B,$0.10B,9.40%,$1.02B,$0.15B,14.89%,$1.02B,$0.09B,8.42%,$1.02B,$0.07B,6.95%,$0.07B,$0.49B,14.78%,$0.07B,$0.32B,22.96%,$0.07B,$1.19B,6.19%,$0.10B,$0.88B,11.07%,$256,$186,$70,$5,$40,$249,$8,$-3,$5,$-0,$5,$7,$6,$22,$8,$65,72,$0.10,$0.10,$129,$112,$30,$412,$482,$32,$164,$22,$773,$1186,$183,$395,$31,$517,$700,$9,$450,$34,$485,$1186,$71,$57,$16,$73,$-21,$-9,$16,$-2,$-15,$129,$-129,$-5,$0,$0,$-23,$-23,$1,$-156,$137,$0,$138,$-39,$-39,$-18,$3,$85,$61,$5,$-18
44,2007-09-30,18.29,$7.41,2.47,$14.04,1.3,$0.50,36.89,$1.15,15.91,$0.44B,$0.16B,2.69,$0.39B,$0.48B,0.82,$1.00B,$0.29B,28.89%,$1.00B,$0.11B,10.93%,$1.00B,$0.11B,10.93%,$1.00B,$0.17B,16.55%,$1.00B,$0.10B,10.03%,$1.00B,$0.08B,8.02%,$0.08B,$0.48B,17.29%,$0.08B,$0.31B,27.56%,$0.08B,$1.16B,7.40%,$0.11B,$0.88B,13.46%,$243,$178,$64,$4,$38,$230,$13,$-2,$11,$-1,$12,$12,$12,$27,$13,$65,74,$0.19,$0.18,$151,$120,$23,$437,$429,$31,$175,$21,$719,$1155,$162,$393,$25,$511,$674,$9,$449,$24,$482,$1155,$65,$42,$9,$51,$0,$0,$0,$-46,$-46,$70,$-69,$-4,$0,$0,$0,$0,$1,$-72,$142,$0,$142,$-28,$-28,$-13,$3,$104,$104,$0,$-13
45,2007-06-30,20.65,$7.47,2.77,$13.97,1.48,$1.15,17.97,$1.17,17.73,$0.45B,$0.15B,3.03,$0.38B,$0.49B,0.78,$0.97B,$0.28B,29.22%,$0.97B,$0.12B,11.93%,$0.97B,$0.12B,11.93%,$0.97B,$0.17B,17.59%,$0.97B,$0.11B,10.91%,$0.97B,$0.08B,8.33%,$0.08B,$0.49B,18.27%,$0.08B,$0.32B,29.75%,$0.08B,$1.14B,7.98%,$0.12B,$0.88B,15.43%,$264,$187,$77,$4,$38,$229,$35,$-2,$33,$7,$26,$27,$26,$49,$35,$66,74,$0.40,$0.37,$177,$112,$21,$452,$409,$30,$172,$22,$690,$1143,$149,$384,$25,$499,$649,$9,$446,$17,$494,$1143,$53,$28,$5,$33,$0,$0,$0,$-40,$-40,$46,$-45,$-4,$0,$0,$0,$0,$1,$-49,$141,$-0,$141,$-1,$-1,$-9,$1,$132,$130,$0,$-9
46,2007-03-31,20.28,$6.96,2.91,$13.99,1.45,$1.54,13.18,$1.11,18.27,$0.43B,$0.15B,2.82,$0.38B,$0.46B,0.82,$0.95B,$0.28B,29.32%,$0.95B,$0.11B,11.92%,$0.95B,$0.11B,11.92%,$0.95B,$0.17B,17.62%,$0.95B,$0.10B,10.76%,$0.95B,$0.08B,8.02%,$0.08B,$0.46B,18.23%,$0.08B,$0.29B,30.55%,$0.08B,$1.11B,7.99%,$0.11B,$0.84B,16.27%,$258,$177,$80,$4,$37,$218,$40,$-2,$37,$11,$26,$27,$27,$54,$40,$65,69,$0.41,$0.39,$157,$108,$19,$432,$395,$29,$173,$19,$674,$1106,$153,$377,$27,$493,$647,$9,$420,$11,$460,$1106,$27,$14,$1,$15,$0,$0,$0,$-38,$-38,$3,$-21,$-4,$0,$0,$0,$0,$0,$-25,$135,$2,$136,$-1,$-1,$-4,$0,$131,$110,$0,$-4
47,2006-12-31,22.31,$6.30,3.54,$13.62,1.64,$1.67,13.39,$1.00,22.31,$0.28B,$0.16B,1.8,$0.24B,$0.42B,0.57,$0.91B,$0.27B,29.13%,$0.91B,$0.10B,11.06%,$0.91B,$0.10B,11.06%,$0.91B,$0.15B,16.87%,$0.91B,$0.08B,9.20%,$0.91B,$0.07B,7.34%,$0.07B,$0.42B,17.07%,$0.07B,$0.25B,29.42%,$0.07B,$0.92B,7.55%,$0.10B,$0.65B,15.70%,$232,$165,$67,$3,$42,$211,$21,$-2,$19,$5,$14,$15,$15,$35,$21,$64,67,$0.24,$0.22,$47,$98,$22,$282,$385,$30,$169,$11,$637,$918,$157,$236,$22,$347,$504,$9,$376,$11,$415,$918,$67,$53,$25,$78,$3,$-23,$16,$-1,$-5,$139,$-90,$0,$0,$0,$0,$0,$0,$-90,$-58,$-2,$-60,$4,$4,$-16,$11,$-60,$-2,$15,$-16
