,Date,Stock Price,Book Value per Share,Price to Book Ratio,TTM Sales per Share,Price to Sales Ratio,TTM FCF per Share,Price to FCF Ratio,TTM Net EPS,PE Ratio,Current Assets,Current Liabilities,Current Ratio,Long Term Debt,Shareholder's Equity_x,Debt to Equity Ratio,TTM Revenue_x,TTM Gross Profit,Gross Margin,TTM Revenue_y,TTM Operating Income,Operating Margin,TTM Revenue_x,TTM EBIT,EBIT Margin,TTM Revenue_y,TTM EBITDA,EBITDA Margin,TTM Revenue_x,TTM Pre-Tax Income,Pre-Tax Margin,TTM Revenue_y,TTM Net Income_x,Net Margin,TTM Net Income_y,Shareholder's Equity_y,Return on Equity,TTM Net Income_x,Tangible Equity,Return on Tangible Equity,TTM Net Income_y,Total Assets,Return on Assets,TTM Net Income,LT Investments & Debt,Return on Investment,revenue,cost-goods-sold,gross-profit,research-development-expenses,selling-general-administrative-expenses,operating-expenses,operating-income,total-non-operating-income-expense,pre-tax-income,total-provision-income-taxes,income-after-taxes,income-from-continuous-operations,net-income,ebitda,ebit,basic-shares-outstanding,shares-outstanding,eps-basic-net-earnings-per-share,eps-earnings-per-share-diluted,cash-on-hand,inventory,other-current-assets,total-current-assets,net-property-plant-equipment,long-term-investments,goodwill-intangible-assets-total,other-long-term-assets,total-long-term-assets,total-assets,total-current-liabilities,long-term-debt,other-non-current-liabilities,total-long-term-liabilities,total-liabilities,common-stock-net,retained-earnings-accumulated-deficit,comprehensive-income,total-share-holder-equity,total-liabilities-share-holders-equity,net-income-loss,total-depreciation-amortization-cash-flow,other-non-cash-items,total-non-cash-items,change-in-accounts-receivable,change-in-inventories,change-in-accounts-payable,change-in-assets-liabilities,total-change-in-assets-liabilities,cash-flow-from-operating-activities,net-change-in-property-plant-equipment,net-change-in-intangible-assets,net-acquisitions-divestitures,net-change-in-short-term-investments,net-change-in-long-term-investments,net-change-in-investments-total,investing-activities-other,cash-flow-from-investing-activities,net-long-term-debt,net-current-debt,debt-issuance-retirement-net-total,net-common-equity-issued-repurchased,net-total-equity-issued-repurchased,total-common-preferred-stock-dividends-paid,financial-activities-other,cash-flow-from-financial-activities,net-cash-flow,stock-based-compensation,common-stock-dividends-paid
0,2018-09-30,12.9,$8.83,1.46,$107.98,0.12,$2.76,4.68,$0.65,19.85,$0.10B,$0.06B,1.54,$0.00B,$0.04B,0.0,$0.47B,$0.03B,5.79%,$0.47B,$0.00B,0.86%,$0.47B,$0.00B,0.86%,$0.47B,$0.01B,1.29%,$0.47B,$0.01B,1.29%,$0.47B,$0.00B,0.64%,$0.00B,$0.04B,7.59%,$0.00B,$0.04B,7.59%,$0.00B,$0.10B,2.93%,$0.00B,$0.04B,10.13%,$132,$113,$20,$0,$15,$130,$2,$1,$3,$1,$2,$2,$2,$2,$2,$4,4,$0.40,$0.40,$6,$2,$4,$96,$2,$0,$0,$0,$7,$103,$63,$0,$0,$1,$63,$0,$22,$-1,$40,$103,$2,$0,$3,$3,$-4,$1,$0,$3,$-0,$5,$-0,$0,$0,$0,$0,$0,$0,$-0,$0,$0,$0,$-1,$-1,$-2,$0,$-3,$1,$3,$-2
1,2018-06-30,13.86,$8.68,1.6,$106.17,0.13,$0.19,72.76,$0.66,21.0,$0.09B,$0.06B,1.56,$0.00B,$0.04B,0.0,$0.46B,$0.03B,5.91%,$0.46B,$0.01B,1.09%,$0.46B,$0.01B,1.09%,$0.46B,$0.01B,1.31%,$0.46B,$0.01B,1.31%,$0.46B,$0.00B,0.66%,$0.00B,$0.04B,7.69%,$0.00B,$0.04B,7.69%,$0.00B,$0.10B,3.02%,$0.01B,$0.04B,12.82%,$44,$37,$6,$0,$5,$45,$-1,$0,$-1,$0,$-1,$-1,$-1,$-1,$-1,$4,4,$-0.25,$-0.25,$10,$2,$5,$90,$2,$0,$0,$0,$7,$97,$58,$0,$0,$1,$59,$0,$21,$-1,$39,$97,$0,$0,$2,$3,$7,$0,$0,$2,$5,$8,$-0,$0,$0,$0,$0,$0,$0,$-0,$0,$0,$0,$-1,$-1,$-2,$0,$-3,$5,$2,$-2
2,2018-03-31,12.7,$8.82,1.44,$105.16,0.12,$-1.58,0.0,$1.21,10.5,$0.10B,$0.07B,1.43,$0.00B,$0.04B,0.0,$0.45B,$0.03B,6.19%,$0.45B,$0.01B,1.77%,$0.45B,$0.01B,1.77%,$0.45B,$0.01B,1.99%,$0.45B,$0.01B,1.99%,$0.45B,$0.01B,1.11%,$0.01B,$0.04B,12.99%,$0.01B,$0.04B,12.99%,$0.01B,$0.11B,5.10%,$0.01B,$0.04B,20.78%,$41,$34,$7,$0,$5,$39,$2,$0,$2,$0,$2,$2,$2,$2,$2,$4,4,$0.36,$0.36,$7,$2,$5,$97,$2,$0,$0,$2,$11,$108,$68,$0,$0,$1,$69,$0,$23,$-1,$40,$108,$2,$0,$0,$1,$-5,$0,$0,$-0,$0,$2,$-0,$0,$0,$0,$0,$0,$0,$-0,$0,$0,$0,$-0,$-0,$-1,$0,$-1,$1,$0,$-1
3,2017-12-31,16.09,$8.69,1.85,$104.50,0.15,$-2.15,0.0,$1.15,13.99,$0.09B,$0.06B,1.48,$0.00B,$0.04B,0.0,$0.45B,$0.03B,6.24%,$0.45B,$0.01B,1.78%,$0.45B,$0.01B,1.78%,$0.45B,$0.01B,2.00%,$0.45B,$0.01B,2.00%,$0.45B,$0.00B,0.89%,$0.00B,$0.04B,10.60%,$0.00B,$0.04B,10.60%,$0.00B,$0.10B,4.20%,$0.01B,$0.04B,21.19%,$256,$262,$-6,$0,$-5,$257,$-1,$-0,$-1,$0,$-1,$-1,$-1,$-1,$-1,$4,4,$-0.31,$-0.31,$6,$3,$7,$93,$2,$0,$0,$0,$10,$102,$63,$0,$0,$1,$64,$0,$23,$-1,$39,$102,$5,$0,$2,$2,$11,$-0,$0,$-7,$-9,$-2,$-0,$0,$0,$0,$0,$0,$0,$-0,$0,$0,$0,$-3,$-3,$-3,$0,$-6,$-8,$2,$-3
4,2017-09-30,12.92,$8.50,1.52,$53.63,0.24,$-1.94,0.0,$1.35,9.57,$0.08B,$0.05B,1.48,$0.00B,$0.04B,0.0,$0.24B,$0.03B,11.86%,$0.24B,$0.01B,3.81%,$0.24B,$0.01B,3.81%,$0.24B,$0.01B,3.81%,$0.24B,$0.01B,3.81%,$0.24B,$0.01B,2.12%,$0.01B,$0.04B,13.33%,$0.01B,$0.04B,13.33%,$0.01B,$0.09B,5.09%,$0.01B,$0.04B,24.00%,$116,$97,$20,$0,$14,$111,$5,$0,$6,$2,$4,$4,$4,$5,$5,$4,4,$0.87,$0.87,$4,$2,$7,$78,$2,$0,$0,$0,$13,$91,$53,$0,$0,$0,$53,$0,$22,$-1,$38,$91,$4,$0,$1,$1,$21,$-0,$0,$-7,$-12,$-6,$-0,$0,$0,$0,$0,$0,$0,$-0,$0,$2,$2,$-3,$-3,$-2,$0,$-3,$-9,$1,$-2
5,2017-06-30,18.23,$8.28,2.2,$66.61,0.27,$0.37,49.45,$1.36,13.41,$0.08B,$0.05B,1.43,$0.00B,$0.04B,0.0,$0.30B,$0.03B,9.43%,$0.30B,$0.01B,3.03%,$0.30B,$0.01B,3.03%,$0.30B,$0.01B,3.03%,$0.30B,$0.01B,3.03%,$0.30B,$0.01B,1.68%,$0.01B,$0.04B,13.33%,$0.01B,$0.04B,13.33%,$0.01B,$0.09B,5.04%,$0.01B,$0.04B,24.00%,$39,$32,$7,$0,$5,$37,$2,$0,$2,$1,$1,$1,$1,$2,$2,$4,4,$0.28,$0.28,$10,$2,$0,$76,$2,$0,$0,$0,$15,$91,$54,$0,$0,$0,$54,$0,$22,$-1,$37,$91,$3,$0,$1,$1,$20,$-0,$0,$-0,$-3,$0,$-0,$0,$0,$0,$0,$0,$0,$-0,$0,$0,$0,$-2,$-2,$-2,$0,$-4,$-4,$1,$-2
6,2017-03-31,17.56,$8.13,2.16,$80.72,0.22,$1.38,12.74,$1.40,12.55,$0.08B,$0.06B,1.39,$0.00B,$0.04B,0.0,$0.36B,$0.03B,7.71%,$0.36B,$0.01B,2.48%,$0.36B,$0.01B,2.48%,$0.36B,$0.01B,2.48%,$0.36B,$0.01B,2.48%,$0.36B,$0.01B,1.65%,$0.01B,$0.04B,15.79%,$0.01B,$0.04B,15.79%,$0.01B,$0.10B,5.96%,$0.01B,$0.04B,23.68%,$38,$31,$7,$0,$5,$36,$2,$0,$2,$1,$1,$1,$1,$2,$2,$4,4,$0.29,$0.29,$11,$2,$0,$83,$2,$0,$0,$0,$14,$97,$60,$0,$0,$0,$60,$0,$21,$-1,$37,$97,$1,$0,$0,$0,$15,$-0,$0,$-0,$-2,$0,$-0,$0,$0,$0,$0,$0,$0,$-0,$0,$0,$0,$-2,$-2,$-1,$0,$-3,$-2,$0,$-1
7,2016-12-31,17.31,$8.26,2.1,$92.32,0.19,$1.88,9.23,$1.32,13.11,$0.10B,$0.08B,1.32,$0.00B,$0.04B,0.0,$0.42B,$0.03B,6.46%,$0.42B,$0.01B,1.91%,$0.42B,$0.01B,1.91%,$0.42B,$0.01B,2.15%,$0.42B,$0.01B,2.15%,$0.42B,$0.01B,1.44%,$0.01B,$0.04B,15.58%,$0.01B,$0.04B,15.58%,$0.01B,$0.11B,6.05%,$0.01B,$0.04B,20.78%,$120,$112,$8,$0,$5,$117,$3,$0,$3,$1,$2,$2,$2,$3,$3,$5,5,$0.39,$0.40,$14,$2,$0,$101,$2,$0,$0,$0,$13,$114,$76,$0,$0,$0,$76,$0,$21,$-2,$38,$114,$6,$0,$2,$2,$-28,$-0,$0,$0,$-8,$-1,$-1,$0,$0,$0,$0,$0,$0,$-1,$0,$0,$0,$-5,$-5,$-3,$0,$-8,$-10,$2,$-3
8,2016-09-30,16.25,$8.11,2.0,$87.21,0.19,$3.94,4.12,$1.22,13.32,$0.09B,$0.06B,1.5,$0.00B,$0.04B,0.0,$0.40B,$0.03B,6.53%,$0.40B,$0.01B,1.76%,$0.40B,$0.01B,1.76%,$0.40B,$0.01B,2.01%,$0.40B,$0.01B,2.01%,$0.40B,$0.01B,1.26%,$0.01B,$0.04B,12.90%,$0.01B,$0.04B,12.90%,$0.01B,$0.10B,5.31%,$0.01B,$0.04B,18.06%,$100,$93,$6,$0,$4,$98,$2,$0,$2,$1,$1,$1,$1,$2,$2,$5,5,$0.29,$0.29,$21,$2,$0,$86,$2,$0,$0,$0,$9,$95,$58,$0,$0,$0,$58,$0,$19,$-2,$38,$95,$4,$0,$1,$1,$-2,$0,$0,$-0,$-1,$4,$-1,$0,$0,$0,$0,$0,$0,$-1,$0,$0,$0,$-4,$-4,$-2,$0,$-6,$-3,$1,$-2
9,2016-06-30,16.4,$8.13,2.02,$86.15,0.19,$3.74,4.38,$1.24,13.22,$0.09B,$0.06B,1.55,$0.00B,$0.04B,0.0,$0.40B,$0.03B,6.82%,$0.40B,$0.01B,1.77%,$0.40B,$0.01B,1.77%,$0.40B,$0.01B,2.02%,$0.40B,$0.01B,2.02%,$0.40B,$0.01B,1.52%,$0.01B,$0.04B,15.48%,$0.01B,$0.04B,15.48%,$0.01B,$0.10B,6.50%,$0.01B,$0.04B,18.06%,$105,$98,$7,$0,$5,$103,$2,$0,$2,$1,$2,$2,$2,$2,$2,$5,5,$0.34,$0.34,$25,$2,$0,$90,$0,$0,$0,$0,$7,$97,$58,$0,$0,$0,$58,$0,$19,$-1,$39,$97,$3,$0,$1,$1,$-1,$-0,$0,$-0,$1,$5,$-0,$0,$0,$0,$0,$0,$0,$-0,$0,$0,$0,$-2,$-2,$-2,$0,$-4,$1,$1,$-2
10,2016-03-31,15.37,$8.01,1.92,$82.66,0.19,$2.70,5.7,$1.19,12.91,$0.08B,$0.05B,1.59,$0.00B,$0.04B,0.0,$0.38B,$0.03B,6.79%,$0.38B,$0.01B,1.83%,$0.38B,$0.01B,1.83%,$0.38B,$0.01B,2.09%,$0.38B,$0.01B,2.09%,$0.38B,$0.01B,1.31%,$0.01B,$0.04B,12.90%,$0.01B,$0.04B,12.90%,$0.01B,$0.09B,5.60%,$0.01B,$0.04B,18.06%,$93,$87,$6,$0,$4,$92,$1,$0,$2,$1,$1,$1,$1,$2,$1,$5,5,$0.23,$0.22,$24,$2,$0,$84,$0,$0,$0,$0,$8,$91,$53,$0,$0,$0,$53,$0,$18,$-1,$39,$91,$1,$0,$0,$0,$4,$-0,$0,$-0,$1,$2,$-0,$0,$0,$0,$0,$0,$0,$-0,$0,$0,$0,$-1,$-1,$-1,$0,$-2,$0,$0,$-1
11,2015-12-31,16.32,$8.22,1.98,$81.93,0.2,$2.51,6.49,$1.25,13.06,$0.09B,$0.06B,1.55,$0.00B,$0.04B,0.0,$0.38B,$0.03B,6.79%,$0.38B,$0.01B,2.09%,$0.38B,$0.01B,2.09%,$0.38B,$0.01B,2.09%,$0.38B,$0.01B,2.09%,$0.38B,$0.01B,1.31%,$0.01B,$0.04B,12.99%,$0.01B,$0.04B,12.99%,$0.01B,$0.09B,5.63%,$0.01B,$0.04B,20.78%,$100,$93,$7,$0,$5,$97,$2,$0,$2,$1,$2,$2,$1,$2,$2,$5,5,$0.31,$0.32,$24,$2,$0,$86,$0,$0,$0,$0,$8,$94,$55,$0,$0,$0,$55,$0,$18,$-1,$39,$94,$6,$0,$1,$1,$1,$-0,$0,$-0,$1,$8,$-0,$0,$0,$0,$0,$0,$0,$-0,$0,$0,$0,$-4,$-4,$-3,$0,$-7,$1,$1,$-3
12,2015-09-30,14.99,$8.03,1.87,$80.42,0.19,$1.95,7.7,$1.29,11.62,$0.08B,$0.05B,1.64,$0.00B,$0.04B,0.0,$0.38B,$0.03B,6.90%,$0.38B,$0.01B,2.39%,$0.38B,$0.01B,2.39%,$0.38B,$0.01B,2.39%,$0.38B,$0.01B,2.39%,$0.38B,$0.01B,1.59%,$0.01B,$0.04B,15.48%,$0.01B,$0.04B,15.48%,$0.01B,$0.09B,6.74%,$0.01B,$0.04B,23.23%,$98,$91,$7,$0,$5,$95,$2,$0,$2,$1,$2,$2,$2,$2,$2,$5,5,$0.34,$0.33,$20,$2,$0,$80,$0,$0,$0,$0,$7,$87,$49,$0,$0,$0,$49,$0,$17,$-1,$38,$87,$4,$0,$1,$1,$5,$-1,$0,$-0,$-3,$3,$-0,$0,$0,$0,$0,$0,$0,$-0,$0,$0,$0,$-3,$-3,$-2,$0,$-6,$-4,$1,$-2
13,2015-06-30,17.31,$8.03,2.16,$78.50,0.22,$0.68,25.57,$1.25,13.85,$0.08B,$0.05B,1.7,$0.00B,$0.04B,0.0,$0.37B,$0.03B,6.76%,$0.37B,$0.01B,2.43%,$0.37B,$0.01B,2.43%,$0.37B,$0.01B,2.43%,$0.37B,$0.01B,2.43%,$0.37B,$0.01B,1.35%,$0.01B,$0.04B,12.82%,$0.01B,$0.04B,12.82%,$0.01B,$0.09B,5.57%,$0.01B,$0.04B,23.08%,$92,$86,$6,$0,$4,$90,$2,$0,$2,$1,$1,$1,$1,$2,$2,$5,5,$0.29,$0.29,$19,$2,$0,$79,$0,$0,$0,$0,$6,$85,$46,$0,$0,$0,$46,$0,$16,$-1,$39,$85,$3,$0,$1,$1,$7,$-1,$0,$-0,$-4,$-0,$-0,$0,$0,$0,$0,$0,$0,$-0,$0,$0,$0,$-2,$-2,$-2,$0,$-4,$-4,$1,$-2
14,2015-03-31,15.25,$7.82,1.95,$76.66,0.2,$-0.39,0.0,$1.27,12.0,$0.08B,$0.05B,1.62,$0.00B,$0.04B,0.0,$0.36B,$0.03B,6.91%,$0.36B,$0.01B,2.49%,$0.36B,$0.01B,2.49%,$0.36B,$0.01B,2.49%,$0.36B,$0.01B,2.49%,$0.36B,$0.01B,1.38%,$0.01B,$0.04B,12.90%,$0.01B,$0.04B,12.90%,$0.01B,$0.09B,5.56%,$0.01B,$0.04B,23.23%,$93,$86,$6,$0,$4,$91,$2,$0,$2,$1,$1,$1,$1,$2,$2,$5,5,$0.28,$0.28,$21,$2,$0,$83,$0,$0,$0,$0,$6,$89,$51,$0,$0,$0,$51,$0,$16,$-1,$38,$89,$1,$0,$0,$0,$5,$-1,$0,$-0,$-0,$2,$-0,$0,$0,$0,$0,$0,$0,$-0,$0,$0,$0,$-2,$-2,$-1,$0,$-3,$-2,$0,$-1
15,2014-12-31,14.74,$8.09,1.82,$72.56,0.2,$-2.42,0.0,$1.22,12.09,$0.09B,$0.06B,1.56,$0.00B,$0.04B,0.0,$0.34B,$0.03B,7.33%,$0.34B,$0.01B,2.35%,$0.34B,$0.01B,2.35%,$0.34B,$0.01B,2.64%,$0.34B,$0.01B,2.64%,$0.34B,$0.01B,1.47%,$0.01B,$0.04B,13.07%,$0.01B,$0.04B,13.07%,$0.01B,$0.10B,5.67%,$0.01B,$0.04B,20.92%,$94,$87,$7,$0,$4,$91,$3,$0,$3,$1,$2,$2,$2,$3,$3,$5,5,$0.40,$0.40,$23,$1,$0,$87,$0,$0,$0,$0,$8,$95,$55,$0,$0,$0,$55,$0,$15,$-1,$40,$95,$6,$0,$1,$2,$2,$-0,$0,$1,$-2,$6,$-0,$0,$0,$0,$0,$0,$0,$-0,$0,$0,$0,$1,$1,$-3,$1,$-1,$4,$1,$-3
16,2014-09-30,13.42,$8.67,1.55,$72.39,0.19,$-1.34,0.0,$1.38,9.73,$0.08B,$0.05B,1.53,$0.00B,$0.04B,0.0,$0.34B,$0.03B,7.72%,$0.34B,$0.01B,2.67%,$0.34B,$0.01B,2.67%,$0.34B,$0.01B,2.97%,$0.34B,$0.01B,2.97%,$0.34B,$0.01B,1.78%,$0.01B,$0.04B,16.22%,$0.01B,$0.04B,16.22%,$0.01B,$0.09B,6.80%,$0.01B,$0.04B,24.32%,$91,$84,$6,$0,$4,$89,$2,$0,$2,$1,$1,$1,$1,$2,$2,$5,5,$0.29,$0.29,$16,$1,$0,$79,$0,$0,$0,$0,$12,$90,$52,$0,$0,$0,$52,$0,$14,$-0,$39,$90,$4,$0,$1,$1,$-1,$-0,$0,$1,$-8,$-3,$-0,$0,$0,$0,$0,$0,$0,$-0,$0,$0,$0,$1,$1,$-2,$1,$-0,$-4,$1,$-2
17,2014-06-30,12.9,$7.87,1.64,$68.76,0.19,$0.31,40.96,$1.38,9.35,$0.08B,$0.05B,1.57,$0.00B,$0.04B,0.0,$0.32B,$0.03B,7.91%,$0.32B,$0.01B,2.85%,$0.32B,$0.01B,2.85%,$0.32B,$0.01B,3.16%,$0.32B,$0.01B,3.16%,$0.32B,$0.01B,1.90%,$0.01B,$0.04B,16.90%,$0.01B,$0.04B,16.90%,$0.01B,$0.09B,7.08%,$0.01B,$0.04B,25.35%,$84,$78,$6,$0,$4,$82,$2,$0,$2,$1,$1,$1,$1,$2,$2,$5,5,$0.32,$0.31,$15,$1,$0,$75,$0,$0,$0,$0,$11,$86,$47,$0,$0,$0,$47,$0,$14,$0,$38,$86,$3,$0,$1,$1,$3,$0,$0,$1,$-8,$-5,$-0,$0,$0,$0,$0,$0,$0,$-0,$0,$0,$0,$1,$1,$-2,$1,$1,$-5,$1,$-2
18,2014-03-31,16.5,$7.54,2.19,$67.14,0.25,$1.57,10.49,$1.41,11.7,$0.07B,$0.05B,1.56,$0.00B,$0.04B,0.0,$0.31B,$0.03B,8.17%,$0.31B,$0.01B,2.94%,$0.31B,$0.01B,2.94%,$0.31B,$0.01B,3.27%,$0.31B,$0.01B,3.27%,$0.31B,$0.01B,2.29%,$0.01B,$0.04B,20.59%,$0.01B,$0.04B,20.59%,$0.01B,$0.08B,8.43%,$0.01B,$0.04B,26.47%,$72,$66,$6,$0,$4,$70,$1,$0,$2,$1,$1,$1,$1,$2,$1,$5,5,$0.23,$0.23,$12,$1,$0,$72,$0,$0,$0,$0,$10,$82,$46,$0,$0,$0,$46,$0,$13,$-0,$36,$82,$1,$0,$0,$0,$4,$0,$0,$1,$-9,$-8,$-0,$0,$0,$0,$0,$0,$0,$-0,$0,$0,$0,$1,$1,$-1,$0,$0,$-8,$0,$-1
19,2013-12-31,11.13,$7.46,1.49,$65.93,0.17,$3.44,3.24,$1.40,7.95,$0.08B,$0.06B,1.4,$0.00B,$0.04B,0.0,$0.30B,$0.02B,8.00%,$0.30B,$0.01B,3.00%,$0.30B,$0.01B,3.00%,$0.30B,$0.01B,3.00%,$0.30B,$0.01B,3.33%,$0.30B,$0.01B,2.33%,$0.01B,$0.04B,21.21%,$0.01B,$0.04B,21.21%,$0.01B,$0.10B,8.64%,$0.01B,$0.04B,27.27%,$90,$82,$8,$0,$4,$86,$4,$0,$4,$1,$3,$3,$3,$4,$4,$4,5,$0.56,$0.56,$20,$1,$0,$84,$0,$0,$0,$0,$11,$95,$60,$0,$0,$0,$60,$0,$13,$0,$35,$95,$6,$0,$1,$2,$2,$0,$0,$-1,$2,$10,$-0,$0,$0,$0,$4,$4,$0,$4,$-0,$0,$-0,$-2,$-2,$-3,$0,$-5,$10,$1,$-3
20,2013-09-30,10.51,$7.08,1.48,$64.54,0.16,$1.89,5.57,$1.24,8.48,$0.07B,$0.04B,1.56,$0.00B,$0.03B,0.0,$0.30B,$0.02B,7.80%,$0.30B,$0.01B,2.71%,$0.30B,$0.01B,2.71%,$0.30B,$0.01B,2.71%,$0.30B,$0.01B,3.05%,$0.30B,$0.01B,2.03%,$0.01B,$0.03B,18.60%,$0.01B,$0.03B,18.60%,$0.01B,$0.08B,7.50%,$0.01B,$0.03B,24.81%,$70,$65,$5,$0,$3,$69,$2,$0,$2,$1,$1,$1,$1,$2,$2,$4,5,$0.30,$0.29,$15,$1,$0,$68,$0,$0,$0,$0,$9,$76,$43,$0,$0,$0,$43,$0,$11,$0,$33,$76,$4,$0,$1,$1,$15,$1,$0,$-0,$-1,$4,$-0,$0,$0,$0,$4,$4,$0,$4,$-0,$0,$-0,$-2,$-2,$-2,$0,$-4,$5,$1,$-2
21,2013-06-30,9.28,$6.87,1.35,$65.33,0.14,$1.61,5.78,$1.24,7.48,$0.07B,$0.05B,1.49,$0.00B,$0.03B,0.0,$0.30B,$0.02B,7.97%,$0.30B,$0.01B,2.66%,$0.30B,$0.01B,2.66%,$0.30B,$0.01B,2.66%,$0.30B,$0.01B,2.99%,$0.30B,$0.01B,1.99%,$0.01B,$0.03B,18.90%,$0.01B,$0.03B,18.90%,$0.01B,$0.08B,7.45%,$0.01B,$0.03B,25.20%,$74,$68,$6,$0,$4,$72,$2,$0,$2,$1,$2,$2,$2,$2,$2,$4,5,$0.35,$0.34,$12,$2,$0,$69,$0,$0,$0,$0,$10,$79,$46,$0,$0,$0,$46,$0,$10,$0,$32,$79,$3,$0,$1,$1,$11,$-0,$0,$-0,$-3,$1,$-0,$0,$0,$0,$4,$4,$0,$4,$-0,$0,$-0,$-1,$-1,$-1,$0,$-3,$2,$1,$-1
22,2013-03-31,9.4,$6.75,1.39,$63.92,0.15,$1.38,6.83,$1.18,7.96,$0.07B,$0.04B,1.55,$0.00B,$0.03B,0.0,$0.30B,$0.02B,8.11%,$0.30B,$0.01B,2.70%,$0.30B,$0.01B,2.70%,$0.30B,$0.01B,2.70%,$0.30B,$0.01B,3.04%,$0.30B,$0.01B,1.69%,$0.01B,$0.03B,16.00%,$0.01B,$0.03B,16.00%,$0.01B,$0.07B,6.27%,$0.01B,$0.03B,25.40%,$66,$61,$5,$0,$4,$65,$1,$0,$2,$1,$1,$1,$1,$1,$1,$4,5,$0.23,$0.22,$14,$2,$0,$65,$0,$0,$0,$0,$9,$74,$42,$0,$0,$0,$42,$0,$10,$0,$32,$74,$1,$0,$0,$0,$17,$0,$0,$-0,$-1,$1,$-0,$0,$0,$0,$4,$4,$0,$4,$-0,$0,$-0,$-1,$-1,$-1,$0,$-1,$4,$0,$-1
23,2012-12-31,8.66,$6.78,1.28,$64.09,0.14,$1.47,5.91,$1.18,7.34,$0.08B,$0.06B,1.33,$0.00B,$0.03B,0.0,$0.30B,$0.03B,8.42%,$0.30B,$0.01B,3.03%,$0.30B,$0.01B,3.03%,$0.30B,$0.01B,3.03%,$0.30B,$0.01B,3.03%,$0.30B,$0.01B,1.68%,$0.01B,$0.03B,16.39%,$0.01B,$0.03B,16.39%,$0.01B,$0.09B,6.27%,$0.01B,$0.03B,29.27%,$85,$78,$7,$0,$4,$83,$3,$0,$3,$1,$2,$2,$2,$3,$3,$4,5,$0.41,$0.40,$14,$2,$0,$79,$0,$0,$0,$0,$13,$91,$59,$0,$0,$0,$59,$0,$9,$0,$32,$91,$5,$0,$1,$2,$-17,$-0,$0,$1,$-4,$3,$-0,$0,$0,$0,$1,$1,$0,$1,$-0,$0,$-0,$-1,$-1,$-3,$0,$-4,$1,$1,$-3
24,2012-09-30,9.6,$7.38,1.3,$61.87,0.16,$1.54,6.22,$1.22,7.87,$0.07B,$0.05B,1.44,$0.00B,$0.03B,0.0,$0.29B,$0.03B,8.74%,$0.29B,$0.01B,3.15%,$0.29B,$0.01B,3.15%,$0.29B,$0.01B,3.15%,$0.29B,$0.01B,3.15%,$0.29B,$0.01B,1.75%,$0.01B,$0.03B,16.81%,$0.01B,$0.03B,16.81%,$0.01B,$0.08B,6.60%,$0.01B,$0.03B,30.00%,$76,$70,$6,$0,$4,$73,$2,$0,$2,$1,$1,$1,$1,$2,$2,$5,5,$0.30,$0.29,$15,$2,$0,$67,$0,$0,$0,$0,$11,$78,$47,$0,$0,$0,$47,$0,$8,$1,$31,$78,$4,$0,$1,$1,$-3,$-0,$0,$1,$-2,$3,$-0,$0,$0,$0,$1,$1,$0,$1,$-0,$0,$-0,$-0,$-0,$-2,$0,$-2,$2,$1,$-2
25,2012-06-30,9.33,$7.37,1.27,$59.54,0.16,$1.19,7.81,$1.27,7.35,$0.07B,$0.05B,1.44,$0.00B,$0.03B,0.0,$0.27B,$0.03B,9.12%,$0.27B,$0.01B,3.28%,$0.27B,$0.01B,3.28%,$0.27B,$0.01B,3.28%,$0.27B,$0.01B,3.28%,$0.27B,$0.01B,1.82%,$0.01B,$0.03B,17.24%,$0.01B,$0.03B,17.24%,$0.01B,$0.08B,6.92%,$0.01B,$0.03B,30.77%,$69,$64,$6,$0,$4,$67,$2,$0,$2,$1,$1,$1,$1,$2,$2,$4,5,$0.29,$0.28,$13,$1,$0,$66,$0,$0,$0,$0,$10,$76,$46,$0,$0,$0,$46,$0,$8,$0,$30,$76,$2,$0,$1,$1,$-4,$-0,$0,$1,$-3,$-0,$-0,$0,$0,$0,$-0,$-0,$0,$-0,$-0,$0,$-0,$0,$0,$-1,$0,$-1,$-2,$0,$-1
26,2012-03-31,10.69,$7.24,1.48,$57.74,0.19,$1.27,8.4,$1.25,8.55,$0.06B,$0.05B,1.44,$0.00B,$0.03B,0.0,$0.27B,$0.03B,9.40%,$0.27B,$0.01B,3.38%,$0.27B,$0.01B,3.38%,$0.27B,$0.01B,3.38%,$0.27B,$0.01B,3.38%,$0.27B,$0.01B,1.88%,$0.01B,$0.03B,17.70%,$0.01B,$0.03B,17.70%,$0.01B,$0.07B,7.27%,$0.01B,$0.03B,31.86%,$67,$61,$6,$0,$4,$65,$2,$0,$2,$1,$1,$1,$1,$2,$2,$4,5,$0.23,$0.22,$15,$1,$0,$64,$0,$0,$0,$0,$10,$74,$45,$0,$0,$0,$45,$0,$7,$0,$29,$74,$1,$0,$0,$0,$0,$0,$0,$1,$-0,$1,$-0,$0,$0,$0,$1,$1,$0,$0,$-0,$0,$-0,$-0,$-0,$-1,$-0,$-1,$1,$0,$-1
27,2011-12-31,9.06,$6.18,1.47,$54.32,0.17,$1.26,7.19,$1.21,7.49,$0.07B,$0.05B,1.42,$0.00B,$0.03B,0.0,$0.25B,$0.02B,9.56%,$0.25B,$0.01B,3.19%,$0.25B,$0.01B,3.19%,$0.25B,$0.01B,3.19%,$0.25B,$0.01B,3.19%,$0.25B,$0.01B,1.99%,$0.01B,$0.03B,18.02%,$0.01B,$0.03B,18.02%,$0.01B,$0.08B,7.63%,$0.01B,$0.03B,28.83%,$74,$67,$7,$0,$4,$71,$3,$0,$3,$1,$2,$2,$2,$3,$3,$4,5,$0.45,$0.43,$15,$1,$0,$65,$0,$0,$0,$0,$10,$75,$46,$0,$0,$0,$46,$0,$7,$0,$29,$75,$6,$0,$1,$0,$-7,$-0,$0,$-1,$-4,$4,$-0,$0,$0,$0,$-1,$-1,$0,$-1,$-0,$-0,$0,$-1,$-1,$-3,$0,$-4,$-2,$1,$-3
28,2011-09-30,7.33,$0.00,0.0,$52.29,0.14,$1.10,6.66,$1.11,6.6,$0.06B,$0.04B,1.53,$0.00B,$0.03B,0.0,$0.24B,$0.02B,9.50%,$0.24B,$0.01B,2.89%,$0.24B,$0.01B,2.89%,$0.24B,$0.01B,2.89%,$0.24B,$0.01B,2.89%,$0.24B,$0.00B,1.65%,$0.00B,$0.03B,14.68%,$0.00B,$0.03B,14.68%,$0.00B,$0.06B,6.25%,$0.01B,$0.03B,25.69%,$64,$58,$6,$0,$3,$61,$2,$0,$2,$1,$1,$1,$1,$2,$2,$4,5,$0.34,$0.33,$13,$1,$2,$55,$0,$0,$0,$8,$8,$64,$36,$0,$0,$0,$36,$0,$6,$0,$28,$64,$4,$0,$1,$2,$3,$-0,$0,$-0,$-4,$2,$-0,$0,$0,$0,$0,$0,$0,$-0,$-0,$0,$-0,$-1,$-1,$-2,$0,$-3,$-2,$1,$-2
29,2011-06-30,9.8,$0.00,0.0,$50.13,0.2,$0.95,10.26,$1.05,9.33,$0.06B,$0.04B,1.58,$0.00B,$0.03B,0.0,$0.23B,$0.02B,9.52%,$0.23B,$0.01B,3.03%,$0.23B,$0.01B,3.03%,$0.23B,$0.01B,3.03%,$0.23B,$0.01B,3.03%,$0.23B,$0.00B,1.73%,$0.00B,$0.03B,14.95%,$0.00B,$0.03B,14.95%,$0.00B,$0.06B,6.37%,$0.01B,$0.03B,26.17%,$61,$55,$6,$0,$4,$59,$2,$0,$2,$1,$1,$1,$1,$2,$2,$4,5,$0.28,$0.26,$13,$1,$2,$55,$0,$0,$0,$6,$7,$62,$35,$0,$0,$0,$35,$0,$5,$0,$27,$62,$2,$0,$1,$1,$5,$-0,$0,$-0,$-3,$0,$-0,$0,$0,$0,$3,$3,$0,$3,$-0,$0,$-0,$-1,$-1,$-2,$0,$-2,$1,$1,$-2
30,2011-03-31,9.81,$0.00,0.0,$56.97,0.17,$1.67,5.87,$1.17,8.38,$0.05B,$0.03B,1.57,$0.00B,$0.03B,0.0,$0.26B,$0.06B,23.55%,$0.26B,$0.05B,18.15%,$0.26B,$0.05B,18.15%,$0.26B,$0.05B,18.15%,$0.26B,$0.01B,2.70%,$0.26B,$0.01B,1.93%,$0.01B,$0.03B,19.05%,$0.01B,$0.03B,19.05%,$0.01B,$0.06B,8.10%,$0.05B,$0.03B,179.05%,$52,$47,$5,$0,$4,$50,$1,$0,$1,$1,$1,$1,$1,$1,$1,$4,5,$0.19,$0.18,$15,$1,$2,$53,$0,$0,$0,$7,$7,$61,$34,$0,$0,$0,$34,$0,$4,$0,$27,$61,$1,$0,$0,$0,$8,$-0,$0,$-0,$-0,$1,$-0,$0,$0,$0,$2,$2,$0,$2,$-0,$0,$-0,$-1,$-1,$-1,$0,$-1,$2,$0,$-1
31,2010-12-31,7.95,$0.00,0.0,$55.01,0.14,$1.58,5.04,$1.13,7.04,$0.06B,$0.04B,1.46,$0.00B,$0.03B,0.01,$0.25B,$0.06B,24.29%,$0.25B,$0.05B,19.03%,$0.25B,$0.05B,19.03%,$0.25B,$0.05B,19.03%,$0.25B,$0.01B,2.83%,$0.25B,$0.01B,2.02%,$0.01B,$0.03B,19.42%,$0.01B,$0.03B,19.42%,$0.01B,$0.07B,8.40%,$0.05B,$0.03B,182.52%,$65,$59,$6,$0,$4,$63,$2,$0,$2,$1,$2,$1,$1,$2,$2,$4,5,$0.34,$0.33,$15,$1,$2,$61,$0,$0,$0,$7,$7,$69,$42,$0,$0,$0,$42,$0,$4,$0,$27,$69,$4,$0,$2,$0,$-15,$-0,$0,$-0,$-3,$3,$-0,$0,$0,$0,$3,$3,$0,$3,$-0,$-0,$0,$-1,$-1,$-3,$0,$-3,$2,$1,$-3
32,2010-09-30,6.97,$0.00,0.0,$50.34,0.14,$1.16,5.99,$1.00,6.97,$0.05B,$0.03B,1.61,$0.00B,$0.03B,0.01,$0.22B,$0.06B,25.89%,$0.22B,$0.05B,20.54%,$0.22B,$0.05B,20.54%,$0.22B,$0.05B,20.54%,$0.22B,$0.01B,2.68%,$0.22B,$0.01B,2.23%,$0.01B,$0.03B,20.00%,$0.01B,$0.03B,20.00%,$0.01B,$0.06B,8.97%,$0.05B,$0.03B,184.00%,$53,$48,$5,$0,$3,$51,$2,$0,$2,$1,$1,$1,$1,$2,$2,$4,5,$0.29,$0.28,$14,$1,$2,$54,$0,$0,$0,$5,$5,$59,$33,$0,$0,$0,$33,$0,$4,$0,$26,$59,$3,$0,$0,$0,$0,$0,$0,$0,$-4,$1,$-0,$0,$0,$0,$0,$1,$0,$1,$0,$-0,$0,$0,$-0,$-2,$0,$-3,$-1,$0,$0
33,2010-06-30,6.22,$0.00,0.0,$46.52,0.13,$0.45,13.8,$0.85,7.32,$0.05B,$0.03B,1.6,$0.00B,$0.03B,0.0,$0.21B,$0.06B,27.67%,$0.21B,$0.05B,21.84%,$0.21B,$0.05B,21.84%,$0.21B,$0.05B,21.84%,$0.21B,$0.01B,2.43%,$0.21B,$0.01B,2.43%,$0.01B,$0.03B,20.41%,$0.01B,$0.03B,20.41%,$0.01B,$0.06B,9.52%,$0.05B,$0.03B,183.67%,$89,$44,$45,$0,$3,$47,$42,$0,$2,$1,$1,$2,$2,$42,$42,$4,4,$0.38,$0.38,$17,$1,$2,$52,$0,$0,$0,$5,$5,$58,$33,$0,$0,$0,$33,$0,$3,$0,$25,$58,$2,$0,$0,$0,$0,$0,$0,$0,$1,$3,$-0,$0,$0,$0,$0,$-0,$0,$-0,$0,$0,$0,$0,$-0,$-1,$0,$-2,$1,$0,$0
34,2010-03-31,6.18,$0.00,0.0,$42.18,0.15,$-0.42,0.0,$0.78,7.92,$0.05B,$0.03B,1.67,$0.00B,$0.03B,0.0,$0.19B,$0.05B,25.81%,$0.19B,$0.04B,19.35%,$0.19B,$0.04B,19.35%,$0.19B,$0.04B,19.35%,$0.19B,$0.00B,2.15%,$0.19B,$0.00B,2.15%,$0.00B,$0.03B,16.49%,$0.00B,$0.03B,16.49%,$0.00B,$0.05B,7.96%,$0.04B,$0.03B,148.45%,$40,$36,$4,$0,$3,$39,$1,$0,$1,$0,$1,$1,$1,$1,$1,$4,4,$0.14,$0.14,$16,$1,$1,$46,$0,$0,$0,$5,$5,$52,$28,$0,$0,$0,$28,$0,$3,$0,$25,$52,$1,$0,$0,$0,$0,$0,$0,$0,$-0,$1,$-0,$0,$0,$0,$0,$1,$0,$1,$0,$0,$0,$0,$-0,$-1,$0,$-1,$1,$0,$0
35,2009-12-31,5.28,$0.00,0.0,$40.25,0.13,$-0.77,0.0,$0.77,6.85,$0.05B,$0.03B,1.57,$0.00B,$0.02B,0.0,$0.18B,$0.05B,26.40%,$0.18B,$0.04B,20.22%,$0.18B,$0.04B,20.22%,$0.18B,$0.04B,20.22%,$0.18B,$0.00B,2.25%,$0.18B,$0.00B,2.25%,$0.00B,$0.02B,16.67%,$0.00B,$0.02B,16.67%,$0.00B,$0.05B,8.12%,$0.04B,$0.02B,150.00%,$42,$38,$4,$0,$3,$41,$1,$0,$1,$1,$1,$1,$1,$1,$1,$4,4,$0.20,$0.20,$16,$1,$2,$46,$0,$0,$0,$7,$7,$54,$29,$0,$0,$0,$29,$0,$3,$0,$24,$54,$3,$0,$0,$0,$0,$0,$0,$0,$-3,$1,$-0,$0,$0,$0,$0,$2,$0,$2,$0,$0,$0,$0,$-1,$-3,$-0,$-4,$-1,$0,$0
36,2009-09-30,5.79,$0.00,0.0,$39.77,0.15,$-1.14,0.0,$0.77,7.51,$0.04B,$0.02B,1.84,$0.00B,$0.02B,0.0,$0.18B,$0.05B,26.70%,$0.18B,$0.04B,20.45%,$0.18B,$0.04B,20.45%,$0.18B,$0.04B,20.45%,$0.18B,$0.01B,2.84%,$0.18B,$0.00B,2.27%,$0.00B,$0.02B,16.67%,$0.00B,$0.02B,16.67%,$0.00B,$0.05B,8.42%,$0.04B,$0.02B,150.00%,$35,$32,$4,$0,$3,$34,$1,$0,$1,$0,$1,$1,$1,$1,$1,$4,4,$0.14,$0.13,$14,$1,$1,$39,$0,$0,$0,$6,$6,$46,$21,$0,$0,$0,$21,$0,$3,$0,$24,$46,$2,$0,$0,$0,$0,$0,$0,$0,$-6,$-2,$-0,$0,$0,$0,$0,$1,$0,$1,$0,$0,$0,$0,$-0,$-2,$-0,$-2,$-3,$0,$0
37,2009-06-30,4.53,$0.00,0.0,$42.06,0.11,$-0.08,0.0,$0.82,5.53,$0.04B,$0.03B,1.68,$0.00B,$0.02B,0.0,$0.19B,$0.05B,25.27%,$0.19B,$0.04B,19.35%,$0.19B,$0.04B,19.35%,$0.19B,$0.04B,19.35%,$0.19B,$0.01B,2.69%,$0.19B,$0.00B,2.15%,$0.00B,$0.02B,16.67%,$0.00B,$0.02B,16.67%,$0.00B,$0.05B,7.96%,$0.04B,$0.02B,150.00%,$69,$33,$36,$0,$3,$36,$33,$0,$1,$1,$1,$1,$1,$33,$33,$4,4,$0.31,$0.31,$16,$1,$2,$42,$0,$0,$0,$6,$7,$49,$25,$0,$0,$0,$25,$0,$2,$0,$24,$49,$1,$0,$0,$0,$0,$0,$0,$0,$-3,$-1,$-0,$0,$0,$0,$0,$0,$0,$0,$0,$0,$0,$0,$-0,$-1,$-0,$-2,$-2,$0,$0
38,2009-03-31,4.35,$0.00,0.0,$37.17,0.12,$0.35,12.5,$0.69,6.31,$0.04B,$0.02B,1.7,$0.00B,$0.02B,0.0,$0.17B,$0.02B,9.09%,$0.17B,$0.00B,2.42%,$0.17B,$0.00B,2.42%,$0.17B,$0.00B,2.42%,$0.17B,$0.01B,3.03%,$0.17B,$0.00B,2.42%,$0.00B,$0.02B,16.67%,$0.00B,$0.02B,16.67%,$0.00B,$0.05B,7.62%,$0.00B,$0.02B,16.67%,$32,$28,$3,$0,$3,$31,$1,$0,$1,$0,$1,$1,$1,$1,$1,$4,4,$0.13,$0.13,$17,$1,$1,$40,$0,$0,$0,$6,$7,$48,$24,$0,$0,$0,$24,$0,$1,$0,$24,$48,$1,$0,$0,$0,$0,$0,$0,$0,$-2,$-1,$-0,$0,$0,$0,$0,$-0,$0,$-0,$0,$0,$0,$0,$-0,$-1,$-0,$-1,$-2,$0,$0
39,2008-12-31,4.29,$0.00,0.0,$38.91,0.11,$0.41,10.51,$0.70,6.14,$0.04B,$0.02B,1.63,$0.00B,$0.02B,0.0,$0.17B,$0.02B,9.20%,$0.17B,$0.00B,2.30%,$0.17B,$0.00B,2.30%,$0.17B,$0.00B,2.30%,$0.17B,$0.01B,2.87%,$0.17B,$0.00B,2.30%,$0.00B,$0.02B,16.67%,$0.00B,$0.02B,16.67%,$0.00B,$0.05B,7.48%,$0.00B,$0.02B,16.67%,$40,$36,$4,$0,$3,$39,$1,$0,$2,$1,$1,$1,$1,$1,$1,$4,4,$0.21,$0.20,$19,$1,$1,$38,$0,$0,$0,$8,$9,$47,$23,$0,$0,$0,$24,$0,$1,$0,$24,$47,$3,$0,$0,$0,$0,$0,$0,$0,$-5,$-0,$-0,$0,$0,$0,$0,$0,$0,$-0,$0,$0,$0,$0,$-1,$-3,$-0,$-4,$-5,$0,$0
40,2008-09-30,4.52,$0.00,0.0,$40.12,0.11,$0.59,7.72,$0.70,6.46,$0.05B,$0.03B,1.56,$0.00B,$0.02B,0.0,$0.18B,$0.06B,32.60%,$0.18B,$0.05B,27.62%,$0.18B,$0.05B,27.62%,$0.18B,$0.05B,27.62%,$0.18B,$0.05B,27.62%,$0.18B,$0.00B,2.21%,$0.00B,$0.02B,22.22%,$0.00B,$0.02B,22.22%,$0.00B,$0.06B,9.58%,$0.05B,$0.02B,277.78%,$45,$41,$4,$0,$3,$44,$1,$0,$1,$1,$1,$1,$1,$1,$1,$4,4,$0.18,$0.18,$23,$1,$1,$51,$0,$0,$0,$4,$5,$57,$33,$0,$0,$0,$33,$0,$-0,$0,$24,$57,$2,$0,$0,$0,$0,$0,$0,$0,$-1,$2,$-0,$0,$0,$0,$0,$-0,$0,$-0,$0,$0,$0,$0,$-1,$-2,$0,$-3,$-1,$0,$0
41,2008-06-30,4.62,$0.00,0.0,$38.83,0.12,$-0.12,0.0,$0.70,6.6,$0.05B,$0.03B,1.52,$0.00B,$0.02B,0.0,$0.18B,$0.06B,33.15%,$0.18B,$0.05B,28.09%,$0.18B,$0.05B,28.09%,$0.18B,$0.05B,28.09%,$0.18B,$0.05B,28.09%,$0.18B,$0.00B,2.25%,$0.00B,$0.02B,22.22%,$0.00B,$0.02B,22.22%,$0.00B,$0.06B,10.26%,$0.05B,$0.02B,277.78%,$48,$44,$4,$0,$3,$47,$1,$0,$1,$1,$1,$1,$1,$1,$1,$4,5,$0.19,$0.18,$23,$1,$2,$52,$0,$0,$0,$5,$6,$58,$34,$0,$0,$0,$34,$0,$-1,$0,$24,$58,$1,$0,$0,$0,$0,$0,$0,$0,$-1,$1,$-0,$0,$0,$0,$0,$-0,$0,$-0,$0,$0,$0,$0,$-1,$0,$-1,$-2,$-1,$0,$0
42,2008-03-31,5.76,$0.00,0.0,$37.51,0.15,$-0.43,0.0,$0.72,8.0,$0.05B,$0.03B,1.69,$0.00B,$0.02B,0.0,$0.17B,$0.06B,33.91%,$0.17B,$0.05B,28.74%,$0.17B,$0.05B,28.74%,$0.17B,$0.05B,28.74%,$0.17B,$0.05B,29.31%,$0.17B,$0.00B,2.30%,$0.00B,$0.02B,22.22%,$0.00B,$0.02B,22.22%,$0.00B,$0.05B,10.81%,$0.05B,$0.02B,277.78%,$41,$37,$4,$0,$3,$40,$1,$0,$1,$0,$1,$1,$1,$1,$1,$4,5,$0.14,$0.14,$22,$1,$2,$47,$0,$0,$0,$3,$4,$52,$28,$0,$0,$0,$28,$0,$-2,$0,$24,$52,$1,$0,$0,$0,$0,$0,$0,$0,$-1,$-0,$-0,$0,$0,$0,$0,$2,$0,$2,$0,$0,$0,$0,$-1,$0,$-0,$-1,$0,$0,$0
43,2007-12-31,5.16,$0.00,0.0,$38.62,0.13,$-0.53,0.0,$0.79,6.53,$0.00B,$0.00B,0.0,$0.00B,$0.00B,0.0,$0.18B,$0.06B,32.78%,$0.18B,$0.05B,27.78%,$0.18B,$0.05B,27.78%,$0.18B,$0.05B,27.78%,$0.18B,$0.05B,28.89%,$0.18B,$0.00B,2.22%,$0.00B,$0.00B,22.54%,$0.00B,$0.00B,22.54%,$0.00B,$0.00B,10.81%,$0.05B,$0.00B,281.69%,$47,$0,$47,$0,$0,$0,$47,$0,$47,$0,$47,$1,$1,$47,$47,$4,5,$0.21,$0.20,$0,$0,$0,$0,$0,$0,$0,$0,$0,$0,$0,$0,$0,$0,$0,$0,$0,$0,$0,$0,$0,$0,$0,$0,$0,$0,$0,$0,$0,$0,$0,$0,$0,$0,$0,$0,$0,$0,$0,$0,$0,$0,$0,$0,$0,$0,$0,$0,$0
44,2007-09-30,7.67,$0.00,0.0,$40.67,0.19,$0.73,10.57,$0.81,9.46,$0.04B,$0.02B,1.93,$0.00B,$0.02B,0.0,$0.19B,$0.02B,8.95%,$0.19B,$0.00B,2.11%,$0.19B,$0.00B,2.11%,$0.19B,$0.01B,2.63%,$0.19B,$0.01B,3.68%,$0.19B,$0.00B,2.11%,$0.00B,$0.02B,17.39%,$0.00B,$0.02B,17.39%,$0.00B,$0.05B,7.80%,$0.00B,$0.02B,17.39%,$42,$38,$4,$0,$3,$41,$1,$0,$1,$1,$1,$1,$1,$1,$1,$4,5,$0.19,$0.18,$19,$1,$2,$42,$0,$0,$0,$2,$3,$46,$22,$0,$0,$0,$22,$0,$-4,$0,$24,$46,$3,$0,$0,$0,$0,$0,$0,$0,$-5,$-1,$-0,$0,$0,$0,$0,$-2,$0,$-3,$0,$0,$0,$0,$0,$-2,$1,$-1,$-5,$0,$0
45,2007-06-30,9.03,$0.00,0.0,$42.43,0.21,$2.34,3.86,$0.82,11.01,$0.05B,$0.03B,1.78,$0.00B,$0.02B,0.0,$0.20B,$0.02B,8.63%,$0.20B,$0.00B,2.03%,$0.20B,$0.00B,2.03%,$0.20B,$0.01B,2.54%,$0.20B,$0.01B,3.55%,$0.20B,$0.00B,2.03%,$0.00B,$0.02B,18.18%,$0.00B,$0.02B,18.18%,$0.00B,$0.05B,7.62%,$0.00B,$0.02B,18.18%,$44,$40,$4,$0,$3,$43,$1,$0,$2,$1,$1,$1,$1,$1,$1,$4,5,$0.22,$0.20,$20,$2,$2,$45,$0,$0,$0,$2,$4,$50,$25,$0,$0,$0,$26,$0,$-4,$0,$24,$50,$2,$0,$0,$0,$0,$0,$0,$0,$-3,$-0,$-0,$0,$0,$0,$0,$-2,$0,$-3,$0,$0,$0,$0,$1,$-1,$0,$-0,$-3,$0,$0
46,2007-03-31,8.07,$0.00,0.0,$42.30,0.19,$3.58,2.25,$0.79,10.22,$0.05B,$0.03B,1.67,$0.00B,$0.02B,0.0,$0.19B,$0.02B,8.76%,$0.19B,$0.00B,2.06%,$0.19B,$0.00B,2.06%,$0.19B,$0.01B,2.58%,$0.19B,$0.01B,3.09%,$0.19B,$0.00B,2.06%,$0.00B,$0.02B,19.28%,$0.00B,$0.02B,19.28%,$0.00B,$0.05B,7.77%,$0.00B,$0.02B,19.28%,$47,$42,$4,$0,$3,$46,$1,$0,$2,$1,$1,$1,$1,$1,$1,$4,5,$0.23,$0.21,$20,$2,$2,$47,$0,$0,$0,$2,$4,$52,$28,$0,$0,$0,$28,$0,$-5,$0,$23,$52,$1,$0,$0,$0,$0,$0,$0,$0,$-3,$-1,$-0,$0,$0,$0,$0,$-2,$0,$-2,$0,$0,$0,$0,$0,$-1,$0,$0,$-3,$0,$0
47,2006-12-31,8.42,$0.00,0.0,$40.19,0.21,$3.78,2.23,$0.71,11.85,$0.05B,$0.04B,1.46,$0.00B,$0.02B,0.0,$0.18B,$0.02B,9.34%,$0.18B,$0.00B,2.20%,$0.18B,$0.00B,2.20%,$0.18B,$0.01B,2.75%,$0.18B,$0.01B,2.75%,$0.18B,$0.00B,2.20%,$0.00B,$0.02B,20.25%,$0.00B,$0.02B,20.25%,$0.00B,$0.06B,8.21%,$0.00B,$0.02B,20.25%,$57,$52,$5,$0,$3,$55,$1,$0,$2,$1,$1,$1,$1,$2,$1,$4,5,$0.24,$0.22,$21,$1,$2,$52,$0,$0,$0,$3,$4,$57,$36,$0,$0,$0,$36,$0,$-6,$0,$21,$57,$3,$0,$0,$0,$0,$0,$0,$0,$1,$6,$-0,$0,$0,$0,$0,$1,$0,$1,$0,$0,$0,$0,$1,$-2,$1,$-0,$6,$0,$0
