,Date,Stock Price,Book Value per Share,Price to Book Ratio,TTM Sales per Share,Price to Sales Ratio,TTM FCF per Share,Price to FCF Ratio,TTM Net EPS,PE Ratio,Current Assets,Current Liabilities,Current Ratio,Long Term Debt,Shareholder's Equity_x,Debt to Equity Ratio,TTM Revenue_x,TTM Gross Profit,Gross Margin,TTM Revenue_y,TTM Operating Income,Operating Margin,TTM Revenue_x,TTM EBIT,EBIT Margin,TTM Revenue_y,TTM EBITDA,EBITDA Margin,TTM Revenue_x,TTM Pre-Tax Income,Pre-Tax Margin,TTM Revenue_y,TTM Net Income_x,Net Margin,TTM Net Income_y,Shareholder's Equity_y,Return on Equity,TTM Net Income_x,Tangible Equity,Return on Tangible Equity,TTM Net Income_y,Total Assets,Return on Assets,TTM Net Income,LT Investments & Debt,Return on Investment,revenue,cost-goods-sold,gross-profit,research-development-expenses,selling-general-administrative-expenses,operating-expenses,operating-income,total-non-operating-income-expense,pre-tax-income,total-provision-income-taxes,income-after-taxes,income-from-continuous-operations,net-income,ebitda,ebit,basic-shares-outstanding,shares-outstanding,eps-basic-net-earnings-per-share,eps-earnings-per-share-diluted,cash-on-hand,inventory,other-current-assets,total-current-assets,net-property-plant-equipment,long-term-investments,goodwill-intangible-assets-total,other-long-term-assets,total-long-term-assets,total-assets,total-current-liabilities,long-term-debt,other-non-current-liabilities,total-long-term-liabilities,total-liabilities,common-stock-net,retained-earnings-accumulated-deficit,comprehensive-income,total-share-holder-equity,total-liabilities-share-holders-equity,net-income-loss,total-depreciation-amortization-cash-flow,other-non-cash-items,total-non-cash-items,change-in-accounts-receivable,change-in-inventories,change-in-accounts-payable,change-in-assets-liabilities,total-change-in-assets-liabilities,cash-flow-from-operating-activities,net-change-in-property-plant-equipment,net-change-in-intangible-assets,net-acquisitions-divestitures,net-change-in-short-term-investments,net-change-in-long-term-investments,net-change-in-investments-total,investing-activities-other,cash-flow-from-investing-activities,net-long-term-debt,net-current-debt,debt-issuance-retirement-net-total,net-common-equity-issued-repurchased,net-total-equity-issued-repurchased,total-common-preferred-stock-dividends-paid,financial-activities-other,cash-flow-from-financial-activities,net-cash-flow,stock-based-compensation,common-stock-dividends-paid
0,2018-09-30,84.94,$56.40,1.51,$25.65,3.31,$11.09,7.66,$5.67,14.98,$25.45B,$25.58B,1.0,$1.38B,$3.06B,0.45,$1.46B,$1.29B,88.18%,$1.46B,$0.45B,30.67%,$1.46B,0,0.00%,$1.46B,0,0.00%,$1.46B,$0.45B,30.67%,$1.46B,$0.33B,22.20%,$0.33B,$3.18B,10.57%,$0.33B,$2.62B,12.81%,$0.33B,$30.14B,1.12%,$0.45B,$4.56B,10.11%,$405,$57,$347,$0,$224,$282,$123,$0,$123,$31,$92,$92,$90,$0,$0,$56,57,$1.59,$1.57,$1418,$0,$0,$25446,$664,$3467,$565,$0,$4696,$30143,$25582,$1381,$0,$1381,$26963,$56,$1544,$-93,$3180,$30143,$264,$55,$33,$88,$-161,$0,$63,$7,$-91,$261,$-53,$0,$-14,$-76,$-497,$-573,$-1276,$-1916,$161,$0,$161,$14,$14,$-38,$1520,$1657,$2,$10,$-38
1,2018-06-30,86.87,$55.16,1.57,$24.35,3.57,$9.38,9.26,$5.22,16.64,$25.13B,$25.04B,1.0,$1.32B,$2.98B,0.44,$1.39B,$1.24B,89.47%,$1.39B,$0.43B,31.02%,$1.39B,0,0.00%,$1.39B,0,0.00%,$1.39B,$0.43B,31.02%,$1.39B,$0.30B,21.57%,$0.30B,$3.11B,9.95%,$0.30B,$2.58B,12.06%,$0.30B,$29.47B,1.06%,$0.43B,$4.42B,9.99%,$379,$46,$333,$0,$211,$258,$122,$0,$122,$32,$90,$90,$88,$0,$0,$56,57,$1.55,$1.53,$1527,$0,$0,$25134,$639,$3160,$531,$0,$4331,$29465,$25042,$1315,$0,$1315,$26358,$56,$1464,$-81,$3107,$29465,$172,$36,$22,$58,$-225,$0,$92,$6,$-126,$103,$-32,$0,$-19,$-160,$-208,$-368,$-927,$-1346,$103,$0,$103,$11,$11,$-25,$1182,$1271,$27,$7,$-25
2,2018-03-31,85.69,$53.88,1.59,$23.40,3.66,$9.91,8.65,$4.80,17.85,$24.17B,$23.87B,1.01,$1.56B,$2.91B,0.54,$1.33B,$1.20B,90.44%,$1.33B,$0.41B,30.87%,$1.33B,0,0.00%,$1.33B,0,0.00%,$1.33B,$0.41B,30.87%,$1.33B,$0.27B,20.63%,$0.27B,$3.03B,9.32%,$0.27B,$2.50B,11.34%,$0.27B,$28.46B,0.99%,$0.41B,$4.59B,9.86%,$347,$36,$311,$0,$202,$239,$108,$0,$108,$26,$82,$82,$80,$0,$0,$56,57,$1.42,$1.40,$1214,$0,$0,$24174,$627,$3122,$534,$0,$4283,$28457,$23871,$1555,$0,$1555,$25426,$56,$1388,$-73,$3031,$28457,$82,$17,$14,$31,$-102,$-1,$13,$-1,$-91,$22,$-12,$0,$-19,$81,$-159,$-78,$-391,$-499,$339,$0,$339,$8,$8,$-13,$96,$431,$-46,$4,$-13
3,2017-12-31,81.84,$53.19,1.54,$22.36,3.66,$11.84,6.91,$4.40,18.6,$23.84B,$23.72B,1.01,$1.22B,$2.85B,0.43,$1.27B,$1.15B,90.92%,$1.27B,$0.39B,30.81%,$1.27B,0,0.00%,$1.27B,0,0.00%,$1.27B,$0.39B,30.81%,$1.27B,$0.25B,19.67%,$0.25B,$2.98B,8.67%,$0.25B,$2.46B,10.58%,$0.25B,$27.92B,0.92%,$0.39B,$4.20B,9.96%,$333,$33,$300,$0,$203,$237,$96,$0,$96,$27,$69,$69,$67,$0,$0,$55,57,$1.19,$1.17,$1342,$0,$0,$23842,$622,$2932,$520,$0,$4074,$27916,$23721,$1218,$0,$1218,$24939,$56,$1314,$-42,$2977,$27916,$258,$69,$102,$172,$-61,$1,$31,$1,$-28,$401,$-59,$0,$-0,$-82,$-303,$-384,$-1860,$-2304,$398,$0,$398,$28,$28,$-41,$1525,$1910,$8,$13,$-41
4,2017-09-30,77.67,$52.10,1.49,$22.02,3.53,$10.90,7.13,$4.17,18.63,$23.46B,$23.34B,1.01,$1.11B,$2.78B,0.4,$1.23B,$1.13B,91.40%,$1.23B,$0.38B,30.98%,$1.23B,0,0.00%,$1.23B,0,0.00%,$1.23B,$0.38B,30.98%,$1.23B,$0.23B,18.90%,$0.23B,$2.91B,8.31%,$0.23B,$2.39B,10.21%,$0.23B,$27.36B,0.88%,$0.38B,$4.02B,10.20%,$327,$32,$296,$0,$190,$223,$104,$0,$104,$39,$66,$66,$64,$0,$0,$56,57,$1.14,$1.12,$1471,$0,$0,$23461,$610,$2766,$521,$0,$3897,$27358,$23335,$1113,$0,$1113,$24449,$56,$1255,$-41,$2909,$27358,$189,$51,$28,$79,$-44,$1,$-80,$3,$-119,$149,$-40,$0,$-0,$-237,$-248,$-485,$-1163,$-1688,$293,$0,$293,$23,$23,$-31,$1235,$1521,$-18,$8,$-31
5,2017-06-30,75.67,$50.98,1.48,$21.54,3.51,$6.98,10.84,$3.97,19.06,$23.09B,$23.10B,1.0,$0.99B,$2.71B,0.36,$1.20B,$1.10B,91.76%,$1.20B,$0.36B,30.22%,$1.20B,0,0.00%,$1.20B,0,0.00%,$1.20B,$0.36B,30.22%,$1.20B,$0.22B,18.15%,$0.22B,$2.84B,7.95%,$0.22B,$2.32B,9.79%,$0.22B,$26.93B,0.84%,$0.36B,$3.83B,9.89%,$321,$27,$294,$0,$191,$219,$102,$0,$102,$37,$65,$65,$63,$0,$0,$55,57,$1.15,$1.11,$1310,$0,$0,$23089,$605,$2715,$520,$0,$3840,$26929,$23096,$989,$0,$989,$24090,$56,$1199,$-47,$2839,$26929,$123,$33,$19,$52,$-29,$0,$-21,$1,$-49,$126,$-26,$0,$-0,$-31,$-139,$-170,$-1023,$-1220,$178,$0,$178,$17,$17,$-21,$946,$1120,$26,$6,$-21
6,2017-03-31,68.29,$52.66,1.3,$21.17,3.23,$3.03,22.56,$3.76,18.16,$21.95B,$22.16B,0.99,$0.86B,$2.51B,0.34,$1.16B,$1.07B,91.91%,$1.16B,$0.34B,29.35%,$1.16B,0,0.00%,$1.16B,0,0.00%,$1.16B,$0.34B,29.35%,$1.16B,$0.20B,17.30%,$0.20B,$2.77B,7.47%,$0.20B,$2.25B,9.24%,$0.20B,$25.78B,0.79%,$0.34B,$3.62B,9.27%,$285,$23,$261,$0,$172,$197,$88,$0,$88,$30,$58,$58,$55,$0,$0,$52,56,$1.05,$1.00,$1225,$0,$0,$21954,$599,$2706,$520,$0,$3824,$25779,$22155,$859,$0,$859,$23014,$53,$1144,$-60,$2765,$25779,$58,$16,$8,$24,$127,$1,$-82,$3,$48,$131,$-11,$0,$-0,$-27,$-54,$-81,$-215,$-306,$49,$0,$49,$14,$14,$-11,$71,$123,$-53,$3,$-11
7,2016-12-31,71.56,$51.96,1.38,$21.12,3.39,$2.01,35.62,$3.66,19.55,$21.93B,$22.16B,0.99,$0.81B,$2.44B,0.33,$1.14B,$1.05B,92.00%,$1.14B,$0.33B,29.09%,$1.14B,0,0.00%,$1.14B,0,0.00%,$1.14B,$0.33B,29.09%,$1.14B,$0.19B,16.78%,$0.19B,$2.70B,7.34%,$0.19B,$2.18B,9.13%,$0.19B,$25.67B,0.77%,$0.33B,$3.50B,8.85%,$300,$24,$276,$0,$187,$212,$88,$0,$88,$34,$55,$55,$51,$0,$0,$50,54,$0.99,$0.94,$1252,$0,$0,$21928,$597,$2623,$520,$0,$3741,$25669,$22164,$809,$0,$809,$22973,$52,$1097,$-65,$2696,$25669,$207,$59,$36,$95,$-110,$-2,$113,$6,$8,$310,$-34,$0,$-614,$-367,$260,$-107,$-1738,$-2493,$-722,$0,$-722,$168,$168,$-39,$2769,$2177,$-6,$9,$-39
8,2016-09-30,54.68,$51.72,1.06,$20.45,2.67,$-3.17,0.0,$3.36,16.27,$21.39B,$21.59B,0.99,$1.05B,$2.42B,0.44,$1.09B,$1.00B,91.93%,$1.09B,$0.30B,27.41%,$1.09B,0,0.00%,$1.09B,0,0.00%,$1.09B,$0.30B,27.41%,$1.09B,$0.17B,15.77%,$0.17B,$2.67B,6.83%,$0.17B,$2.17B,8.55%,$0.17B,$25.32B,0.72%,$0.30B,$3.73B,7.80%,$295,$24,$271,$0,$185,$210,$85,$0,$85,$32,$53,$53,$49,$0,$0,$52,56,$0.96,$0.92,$1064,$0,$0,$21389,$597,$2829,$507,$0,$3933,$25322,$21594,$1054,$0,$1054,$22647,$52,$1052,$-33,$2674,$25322,$152,$43,$21,$64,$-327,$-1,$31,$-3,$-299,$-83,$-28,$0,$-578,$-204,$70,$-134,$-1271,$-2012,$-475,$0,$-475,$162,$162,$-29,$2408,$2066,$-29,$7,$-29
9,2016-06-30,50.07,$50.83,0.99,$19.96,2.51,$-1.51,0.0,$3.13,16.0,$21.46B,$20.52B,1.05,$1.23B,$2.37B,0.52,$1.05B,$0.96B,91.97%,$1.05B,$0.28B,26.39%,$1.05B,0,0.00%,$1.05B,0,0.00%,$1.05B,$0.28B,26.39%,$1.05B,$0.16B,15.01%,$0.16B,$2.62B,6.45%,$0.16B,$2.12B,8.13%,$0.16B,$24.42B,0.68%,$0.28B,$3.86B,7.34%,$282,$22,$260,$0,$179,$202,$80,$0,$80,$30,$50,$50,$46,$0,$0,$49,53,$0.94,$0.90,$968,$0,$0,$21462,$596,$1855,$508,$0,$2959,$24421,$20524,$1233,$0,$1233,$21797,$52,$1008,$-34,$2624,$24421,$99,$29,$13,$43,$-298,$-3,$71,$-4,$-234,$-92,$-24,$0,$-18,$-81,$-13,$-94,$-922,$-1059,$-295,$0,$-295,$158,$158,$-19,$1302,$1147,$-4,$5,$-19
10,2016-03-31,43.43,$49.85,0.87,$19.53,2.22,$-1.20,0.0,$3.08,14.1,$20.50B,$19.63B,1.05,$1.45B,$2.17B,0.67,$1.02B,$0.94B,92.13%,$1.02B,$0.27B,26.18%,$1.02B,0,0.00%,$1.02B,0,0.00%,$1.02B,$0.27B,26.18%,$1.02B,$0.15B,15.06%,$0.15B,$2.42B,6.53%,$0.15B,$1.91B,8.24%,$0.15B,$23.49B,0.69%,$0.27B,$3.86B,7.32%,$261,$21,$240,$0,$160,$182,$78,$0,$78,$29,$49,$49,$45,$0,$0,$48,52,$0.94,$0.90,$1031,$0,$0,$20503,$592,$1885,$508,$0,$2985,$23488,$19625,$1445,$0,$1445,$21070,$49,$968,$-40,$2418,$23488,$49,$14,$4,$19,$-10,$-2,$12,$-2,$-1,$67,$-9,$0,$-17,$-205,$-48,$-253,$-238,$-518,$-82,$0,$-82,$1,$1,$-9,$477,$388,$-63,$2,$-9
11,2015-12-31,47.38,$48.62,0.97,$19.10,2.48,$-4.84,0.0,$2.94,16.12,$19.06B,$19.03B,1.0,$1.53B,$2.10B,0.73,$0.99B,$0.91B,92.12%,$0.99B,$0.25B,25.35%,$0.99B,0,0.00%,$0.99B,0,0.00%,$0.99B,$0.25B,25.35%,$0.99B,$0.15B,14.65%,$0.15B,$2.35B,6.38%,$0.15B,$1.86B,8.04%,$0.15B,$22.91B,0.67%,$0.25B,$3.88B,7.28%,$253,$20,$232,$0,$175,$196,$56,$0,$56,$21,$36,$36,$32,$0,$0,$48,52,$0.66,$0.63,$884,$0,$0,$19055,$592,$2766,$496,$0,$3854,$22909,$19030,$1527,$0,$1527,$20557,$48,$928,$-63,$2352,$22909,$157,$44,$63,$107,$-222,$1,$0,$-4,$-225,$39,$-43,$0,$-15,$531,$-102,$429,$-2012,$-1642,$160,$0,$160,$16,$137,$-30,$1381,$1648,$45,$10,$-30
12,2015-09-30,52.07,$48.32,1.08,$18.77,2.77,$-1.45,0.0,$3.05,17.07,$18.62B,$18.59B,1.0,$1.11B,$2.08B,0.53,$0.97B,$0.89B,92.14%,$0.97B,$0.26B,26.58%,$0.97B,0,0.00%,$0.97B,0,0.00%,$0.97B,$0.26B,26.58%,$0.97B,$0.15B,15.51%,$0.15B,$2.34B,6.82%,$0.15B,$1.84B,8.57%,$0.15B,$22.04B,0.72%,$0.26B,$3.45B,7.73%,$250,$20,$230,$0,$167,$188,$62,$0,$62,$24,$38,$38,$34,$0,$0,$48,52,$0.71,$0.69,$955,$0,$0,$18616,$587,$2334,$498,$0,$3419,$22035,$18588,$1111,$0,$1111,$19699,$48,$902,$-49,$2336,$22035,$121,$31,$29,$59,$-135,$-2,$-29,$-3,$-169,$12,$-29,$0,$-15,$438,$32,$470,$-1247,$-822,$-255,$0,$-255,$14,$135,$-20,$971,$831,$20,$8,$-20
13,2015-06-30,51.91,$47.51,1.09,$18.46,2.81,$1.43,36.33,$3.15,16.48,$17.51B,$17.44B,1.0,$1.09B,$2.01B,0.54,$0.95B,$0.87B,92.07%,$0.95B,$0.26B,27.48%,$0.95B,0,0.00%,$0.95B,0,0.00%,$0.95B,$0.26B,27.48%,$0.95B,$0.16B,16.38%,$0.16B,$2.27B,7.30%,$0.16B,$1.83B,9.17%,$0.16B,$20.79B,0.77%,$0.26B,$3.35B,8.21%,$252,$18,$234,$0,$163,$182,$70,$0,$70,$26,$44,$44,$42,$0,$0,$48,52,$0.89,$0.85,$846,$0,$0,$17510,$571,$2265,$440,$3,$3280,$20790,$17440,$1086,$0,$1086,$18525,$48,$873,$-62,$2265,$20790,$83,$18,$19,$37,$-205,$-0,$18,$-5,$-192,$-72,$-25,$0,$12,$407,$118,$525,$-923,$-412,$-239,$0,$-239,$5,$127,$-14,$631,$505,$22,$5,$-14
14,2015-03-31,46.26,$44.97,1.03,$17.92,2.58,$5.47,8.46,$3.06,15.12,$17.55B,$17.26B,1.02,$0.98B,$2.01B,0.49,$0.92B,$0.84B,91.80%,$0.92B,$0.25B,27.65%,$0.92B,0,0.00%,$0.92B,0,0.00%,$0.92B,$0.25B,27.65%,$0.92B,$0.15B,16.39%,$0.15B,$2.13B,7.29%,$0.15B,$1.69B,9.18%,$0.15B,$20.37B,0.76%,$0.25B,$3.11B,8.21%,$235,$18,$216,$0,$152,$172,$63,$0,$63,$24,$39,$39,$37,$0,$0,$47,51,$0.79,$0.76,$996,$0,$0,$17549,$559,$1814,$439,$10,$2823,$20372,$17256,$982,$0,$982,$18240,$47,$836,$-31,$2131,$20372,$39,$10,$6,$16,$-124,$-7,$-49,$-1,$-180,$-125,$-6,$0,$12,$301,$127,$428,$-390,$44,$-342,$0,$-342,$2,$2,$-7,$487,$141,$60,$2,$-7
15,2014-12-31,45.26,$44.22,1.02,$17.44,2.6,$11.05,4.1,$2.98,15.19,$17.14B,$16.62B,1.03,$1.32B,$1.94B,0.68,$0.89B,$0.81B,91.77%,$0.89B,$0.25B,27.73%,$0.89B,0,0.00%,$0.89B,0,0.00%,$0.89B,$0.25B,27.73%,$0.89B,$0.15B,16.46%,$0.15B,$2.07B,7.27%,$0.15B,$1.65B,9.13%,$0.15B,$20.01B,0.77%,$0.25B,$3.39B,8.18%,$230,$19,$211,$0,$148,$169,$62,$0,$62,$24,$38,$38,$37,$0,$0,$47,51,$0.79,$0.75,$1230,$0,$0,$17135,$555,$1884,$424,$12,$2876,$20011,$16618,$1319,$0,$1319,$17941,$47,$803,$-37,$2070,$20011,$151,$39,$34,$73,$13,$-1,$-39,$8,$-18,$206,$-38,$0,$229,$-503,$-326,$-829,$-1199,$-1838,$395,$0,$395,$10,$10,$-25,$1218,$1598,$-33,$8,$-25
16,2014-09-30,43.15,$43.45,0.99,$17.05,2.53,$12.74,3.39,$2.93,14.73,$16.30B,$16.35B,1.0,$0.79B,$1.90B,0.42,$0.86B,$0.79B,91.67%,$0.86B,$0.24B,28.01%,$0.86B,0,0.00%,$0.86B,0,0.00%,$0.86B,$0.24B,28.01%,$0.86B,$0.14B,16.55%,$0.14B,$2.03B,7.27%,$0.14B,$1.60B,9.14%,$0.14B,$19.17B,0.77%,$0.24B,$2.82B,8.45%,$229,$19,$210,$0,$143,$163,$65,$0,$65,$25,$40,$40,$39,$0,$0,$47,51,$0.83,$0.79,$914,$0,$0,$16297,$555,$1864,$427,$27,$2873,$19169,$16352,$788,$0,$788,$17141,$47,$772,$-43,$2029,$19169,$113,$29,$22,$50,$53,$-6,$-56,$5,$-3,$160,$-31,$0,$229,$-125,$-145,$-270,$-920,$-992,$-135,$0,$-135,$8,$8,$-19,$1001,$855,$24,$6,$-19
17,2014-06-30,44.33,$42.92,1.03,$16.86,2.63,$14.11,3.14,$2.85,15.55,$16.01B,$15.88B,1.01,$1.01B,$1.87B,0.54,$0.85B,$0.78B,91.42%,$0.85B,$0.24B,27.61%,$0.85B,0,0.00%,$0.85B,0,0.00%,$0.85B,$0.24B,27.61%,$0.85B,$0.14B,16.22%,$0.14B,$2.00B,7.16%,$0.14B,$1.60B,8.97%,$0.14B,$18.90B,0.76%,$0.24B,$3.01B,8.24%,$221,$17,$203,$0,$139,$158,$63,$0,$63,$24,$39,$39,$37,$0,$0,$47,51,$0.79,$0.76,$866,$0,$0,$16007,$535,$1909,$399,$46,$2889,$18896,$15884,$1014,$0,$1014,$16897,$47,$738,$-35,$1998,$18896,$73,$19,$15,$34,$14,$-2,$4,$3,$20,$127,$-17,$0,$-7,$-11,$-199,$-211,$-764,$-1000,$91,$0,$91,$5,$5,$-12,$883,$966,$93,$4,$-12
18,2014-03-31,46.79,$41.94,1.12,$16.95,2.76,$11.81,3.96,$2.78,16.83,$15.21B,$15.41B,0.99,$0.87B,$1.81B,0.48,$0.85B,$0.78B,91.07%,$0.85B,$0.23B,26.79%,$0.85B,0,0.00%,$0.85B,0,0.00%,$0.85B,$0.23B,26.79%,$0.85B,$0.13B,15.63%,$0.13B,$1.94B,7.04%,$0.13B,$1.55B,8.85%,$0.13B,$18.22B,0.74%,$0.23B,$2.81B,8.05%,$207,$17,$190,$0,$132,$151,$56,$0,$56,$22,$35,$35,$33,$0,$0,$46,51,$0.71,$0.68,$885,$0,$0,$15209,$532,$2028,$392,$60,$3012,$18221,$15413,$868,$0,$868,$16281,$46,$705,$-57,$1940,$18221,$35,$8,$7,$15,$147,$-1,$-37,$4,$113,$162,$-8,$0,$0,$-45,$-237,$-283,$-197,$-487,$-54,$0,$-54,$3,$3,$-6,$461,$404,$79,$2,$-6
19,2013-12-31,44.24,$41.21,1.07,$17.11,2.59,$10.64,4.16,$2.75,16.09,$14.83B,$14.97B,0.99,$0.92B,$1.77B,0.52,$0.85B,$0.77B,90.52%,$0.85B,$0.22B,26.23%,$0.85B,0,0.00%,$0.85B,0,0.00%,$0.85B,$0.22B,26.23%,$0.85B,$0.13B,15.11%,$0.13B,$1.90B,6.94%,$0.13B,$1.51B,8.71%,$0.13B,$18.10B,0.73%,$0.22B,$2.82B,7.94%,$207,$18,$189,$0,$130,$149,$58,$0,$58,$23,$35,$35,$34,$0,$0,$39,50,$0.82,$0.70,$760,$0,$0,$14831,$532,$2256,$394,$86,$3267,$18098,$14972,$922,$0,$922,$16197,$46,$677,$-63,$1901,$18098,$137,$29,$54,$83,$97,$0,$-22,$-8,$67,$287,$-38,$0,$-164,$644,$-55,$589,$-594,$-206,$-55,$0,$-55,$16,$16,$-14,$-78,$-132,$-51,$7,$-14
20,2013-09-30,39.4,$47.16,0.84,$17.59,2.24,$9.69,4.06,$2.66,14.81,$14.83B,$14.91B,0.99,$0.90B,$1.75B,0.51,$0.87B,$0.78B,89.99%,$0.87B,$0.22B,24.74%,$0.87B,0,0.00%,$0.87B,0,0.00%,$0.87B,$0.22B,24.74%,$0.87B,$0.12B,14.15%,$0.12B,$1.87B,6.70%,$0.12B,$1.50B,8.40%,$0.12B,$17.68B,0.70%,$0.22B,$2.77B,7.66%,$216,$19,$196,$0,$137,$158,$58,$0,$58,$23,$36,$36,$34,$0,$0,$39,50,$0.86,$0.71,$1013,$0,$0,$14829,$518,$1859,$376,$100,$2853,$17683,$14913,$896,$0,$896,$15809,$40,$643,$-46,$1874,$17683,$102,$23,$47,$69,$105,$0,$-50,$-6,$49,$220,$-24,$0,$-158,$413,$58,$471,$-465,$-178,$-60,$0,$-60,$5,$5,$-12,$40,$-27,$16,$7,$-12
21,2013-06-30,36.64,$48.69,0.75,$17.83,2.06,$5.73,6.4,$2.61,14.04,$14.66B,$14.68B,1.0,$1.10B,$1.66B,0.66,$0.87B,$0.78B,89.47%,$0.87B,$0.21B,23.91%,$0.87B,0,0.00%,$0.87B,0,0.00%,$0.87B,$0.21B,23.91%,$0.87B,$0.12B,13.62%,$0.12B,$1.84B,6.58%,$0.12B,$1.46B,8.25%,$0.12B,$17.61B,0.69%,$0.21B,$2.94B,7.42%,$221,$21,$200,$0,$142,$164,$56,$0,$56,$22,$34,$34,$32,$0,$0,$37,50,$0.85,$0.69,$675,$0,$0,$14663,$513,$1923,$377,$138,$2951,$17614,$14678,$1098,$0,$1098,$15777,$38,$613,$-49,$1837,$17614,$66,$14,$33,$47,$-92,$-0,$-13,$-3,$-108,$6,$-13,$0,$-158,$654,$-0,$654,$-469,$13,$144,$0,$144,$3,$3,$-6,$-242,$-101,$-82,$5,$-6
22,2013-03-31,35.46,$49.32,0.72,$18.09,1.96,$-2.20,0.0,$2.44,14.53,$14.09B,$14.31B,0.98,$0.94B,$1.65B,0.57,$0.86B,$0.76B,88.49%,$0.86B,$0.19B,22.56%,$0.86B,0,0.00%,$0.86B,0,0.00%,$0.86B,$0.19B,22.56%,$0.86B,$0.11B,12.79%,$0.11B,$1.83B,6.18%,$0.11B,$1.46B,7.75%,$0.11B,$17.07B,0.65%,$0.19B,$2.76B,6.68%,$210,$22,$188,$0,$135,$157,$52,$0,$52,$20,$32,$32,$29,$0,$0,$37,49,$0.80,$0.65,$900,$0,$0,$14088,$505,$1947,$363,$171,$2986,$17074,$14313,$935,$0,$935,$15249,$37,$581,$-1,$1826,$17074,$32,$10,$15,$25,$63,$-0,$-20,$-1,$42,$100,$-7,$0,$-149,$350,$-83,$267,$-8,$104,$12,$0,$12,$1,$1,$-4,$-314,$-305,$-102,$2,$-4
23,2012-12-31,35.05,$48.96,0.72,$18.50,1.89,$-3.94,0.0,$2.29,15.3,$14.57B,$14.76B,0.99,$0.95B,$1.63B,0.59,$0.85B,$0.75B,87.35%,$0.85B,$0.18B,21.08%,$0.85B,0,0.00%,$0.85B,0,0.00%,$0.85B,$0.18B,21.08%,$0.85B,$0.10B,12.06%,$0.10B,$1.81B,5.91%,$0.10B,$1.44B,7.39%,$0.10B,$17.52B,0.61%,$0.18B,$2.76B,5.93%,$222,$24,$198,$0,$148,$173,$49,$0,$49,$19,$30,$30,$28,$0,$0,$36,48,$0.75,$0.63,$1351,$0,$0,$14568,$501,$1876,$366,$208,$2951,$17520,$14762,$953,$0,$953,$15715,$37,$555,$8,$1805,$17520,$111,$24,$66,$90,$-79,$2,$138,$7,$68,$269,$-74,$0,$64,$-213,$417,$204,$-690,$-496,$-997,$0,$-997,$7,$130,$-13,$1253,$373,$145,$9,$-13
24,2012-09-30,35.88,$48.38,0.74,$18.49,1.94,$-4.23,0.0,$2.09,17.17,$14.63B,$14.20B,1.03,$1.06B,$1.59B,0.67,$0.84B,$0.72B,85.99%,$0.84B,$0.16B,19.52%,$0.84B,0,0.00%,$0.84B,0,0.00%,$0.84B,$0.16B,19.52%,$0.84B,$0.09B,11.14%,$0.09B,$1.76B,5.54%,$0.09B,$1.41B,6.95%,$0.09B,$17.02B,0.57%,$0.16B,$2.82B,5.12%,$221,$26,$196,$0,$142,$169,$52,$0,$52,$20,$32,$32,$30,$0,$0,$36,49,$0.82,$0.66,$1148,$0,$0,$14627,$462,$1337,$354,$238,$2392,$17019,$14201,$1056,$0,$1056,$15257,$37,$528,$10,$1761,$17019,$81,$22,$66,$88,$-263,$2,$141,$-6,$-126,$43,$-46,$0,$30,$-114,$453,$339,$-556,$-232,$-799,$0,$-799,$5,$127,$-12,$915,$233,$43,$7,$-12
25,2012-06-30,33.82,$47.39,0.71,$18.76,1.8,$0.97,34.72,$2.08,16.26,$14.26B,$13.27B,1.08,$1.57B,$1.55B,1.01,$0.84B,$0.71B,84.69%,$0.84B,$0.16B,19.26%,$0.84B,0,0.00%,$0.84B,0,0.00%,$0.84B,$0.16B,19.26%,$0.84B,$0.09B,11.00%,$0.09B,$1.72B,5.68%,$0.09B,$1.37B,7.15%,$0.09B,$16.58B,0.57%,$0.16B,$3.29B,4.86%,$207,$27,$179,$0,$137,$165,$41,$0,$41,$16,$26,$26,$23,$0,$0,$36,44,$0.63,$0.52,$1310,$0,$0,$14263,$450,$1289,$352,$223,$2314,$16576,$13270,$1565,$0,$1565,$14854,$37,$501,$2,$1722,$16576,$49,$16,$50,$66,$-451,$2,$11,$-5,$-444,$-329,$-27,$0,$-130,$-368,$738,$370,$-322,$-109,$-271,$0,$-271,$3,$126,$-5,$610,$460,$22,$5,$-5
26,2012-03-31,34.09,$46.51,0.73,$18.27,1.87,$16.58,2.06,$1.81,18.84,$13.19B,$12.89B,1.02,$1.59B,$1.51B,1.05,$0.81B,$0.67B,83.11%,$0.81B,$0.14B,17.14%,$0.81B,0,0.00%,$0.81B,0,0.00%,$0.81B,$0.14B,17.14%,$0.81B,$0.08B,9.86%,$0.08B,$1.69B,5.13%,$0.08B,$1.36B,6.46%,$0.08B,$16.17B,0.51%,$0.14B,$3.28B,4.22%,$204,$31,$173,$0,$134,$166,$38,$0,$38,$15,$23,$23,$22,$0,$0,$36,44,$0.61,$0.50,$1062,$0,$0,$13187,$435,$1958,$329,$263,$2985,$16172,$12894,$1590,$0,$1590,$14484,$37,$478,$-5,$1688,$16172,$23,$4,$22,$26,$-20,$1,$-12,$-4,$-34,$15,$-9,$0,$8,$-151,$65,$-86,$-113,$-200,$-215,$0,$-215,$2,$125,$-4,$270,$176,$-9,$2,$-4
27,2011-12-31,26.65,$42.90,0.62,$18.03,1.48,$24.40,1.09,$1.67,15.96,$13.40B,$12.55B,1.07,$1.80B,$1.49B,1.21,$0.80B,$0.65B,81.91%,$0.80B,$0.13B,16.08%,$0.80B,0,0.00%,$0.80B,0,0.00%,$0.80B,$0.13B,16.08%,$0.80B,$0.07B,9.17%,$0.07B,$1.54B,4.87%,$0.07B,$1.22B,6.14%,$0.07B,$15.89B,0.48%,$0.13B,$3.35B,3.96%,$203,$33,$170,$0,$137,$171,$32,$0,$32,$13,$19,$19,$18,$0,$0,$35,44,$0.51,$0.41,$921,$0,$0,$13398,$432,$1392,$328,$344,$2496,$15894,$12548,$1803,$0,$1803,$14350,$36,$459,$-3,$1544,$15894,$78,$24,$85,$109,$64,$2,$-10,$1,$57,$244,$-79,$0,$92,$141,$-339,$-198,$-651,$-837,$211,$0,$211,$3,$3,$-10,$386,$590,$-3,$6,$-10
28,2011-09-30,24.52,$42.54,0.58,$19.72,1.24,$23.61,1.04,$1.20,20.43,$13.43B,$12.50B,1.07,$1.81B,$1.48B,1.23,$0.79B,$0.64B,80.78%,$0.79B,$0.12B,14.92%,$0.79B,0,0.00%,$0.79B,0,0.00%,$0.79B,$0.12B,14.92%,$0.79B,$0.05B,6.70%,$0.05B,$1.53B,3.60%,$0.05B,$1.20B,4.53%,$0.05B,$15.92B,0.36%,$0.12B,$3.34B,3.74%,$222,$37,$186,$0,$135,$172,$50,$0,$50,$20,$30,$30,$29,$0,$0,$36,46,$0.82,$0.65,$1262,$0,$0,$13431,$412,$1367,$325,$379,$2484,$15915,$12501,$1812,$0,$1812,$14387,$36,$441,$3,$1528,$15915,$58,$20,$45,$66,$166,$5,$-2,$0,$168,$292,$-55,$0,$91,$-211,$-221,$-432,$-456,$-852,$171,$0,$171,$3,$3,$-9,$384,$548,$-12,$3,$-9
29,2011-06-30,30.47,$42.11,0.72,$21.19,1.44,$24.08,1.27,$1.02,29.88,$12.26B,$11.40B,1.08,$1.75B,$1.42B,1.23,$0.77B,$0.61B,79.25%,$0.77B,$0.10B,12.97%,$0.77B,0,0.00%,$0.77B,0,0.00%,$0.77B,$0.10B,12.97%,$0.77B,$0.04B,5.06%,$0.04B,$1.47B,2.71%,$0.04B,$1.18B,3.40%,$0.04B,$14.62B,0.27%,$0.10B,$3.22B,3.27%,$182,$37,$145,$0,$126,$163,$19,$0,$19,$7,$12,$12,$11,$0,$0,$35,43,$0.31,$0.25,$1175,$0,$0,$12264,$404,$1543,$295,$110,$2352,$14616,$11395,$1746,$0,$1746,$13143,$35,$415,$4,$1473,$14616,$28,$15,$43,$58,$318,$4,$-29,$-4,$289,$376,$-49,$0,$20,$-100,$-272,$-373,$-364,$-766,$162,$0,$162,$2,$2,$-5,$244,$402,$11,$2,$-5
30,2011-03-31,34.8,$41.59,0.84,$23.17,1.5,$22.22,1.57,$1.02,34.12,$11.51B,$11.06B,1.04,$1.57B,$1.40B,1.12,$0.79B,$0.62B,78.71%,$0.79B,$0.10B,12.93%,$0.79B,0,0.00%,$0.79B,0,0.00%,$0.79B,$0.10B,12.93%,$0.79B,$0.04B,4.56%,$0.04B,$1.45B,2.54%,$0.04B,$1.16B,3.20%,$0.04B,$14.09B,0.26%,$0.10B,$3.03B,3.42%,$189,$38,$151,$0,$123,$162,$27,$0,$27,$11,$16,$16,$15,$0,$0,$35,43,$0.44,$0.36,$1123,$0,$0,$11510,$370,$1795,$294,$125,$2584,$14094,$11058,$1573,$0,$1573,$12641,$35,$405,$-3,$1453,$14094,$16,$10,$16,$25,$324,$3,$-16,$-1,$309,$351,$-11,$0,$21,$-56,$-207,$-263,$18,$-234,$-11,$0,$-11,$1,$1,$-4,$-101,$-115,$2,$1,$-4
31,2010-12-31,31.2,$41.20,0.76,$25.59,1.22,$20.12,1.55,$1.07,29.15,$11.63B,$10.96B,1.06,$1.58B,$1.39B,1.14,$0.79B,$0.61B,77.45%,$0.79B,$0.10B,12.74%,$0.79B,0,0.00%,$0.79B,0,0.00%,$0.79B,$0.10B,12.74%,$0.79B,$0.03B,4.08%,$0.03B,$1.44B,2.29%,$0.03B,$1.14B,2.90%,$0.03B,$13.98B,0.23%,$0.10B,$3.02B,3.38%,$198,$41,$157,$0,$134,$176,$22,$0,$22,$8,$14,$14,$-2,$0,$0,$30,32,$-0.10,$-0.11,$1043,$0,$0,$11626,$364,$1579,$294,$118,$2354,$13980,$10960,$1584,$0,$1584,$12544,$35,$392,$-6,$1437,$13980,$63,$27,$70,$97,$-49,$29,$-15,$-1,$-36,$124,$-31,$0,$62,$366,$-274,$92,$-625,$-501,$-34,$0,$-34,$498,$248,$-23,$199,$391,$14,$5,$-23
32,2010-09-30,30.61,$44.92,0.68,$27.73,1.1,$-15.46,0.0,$2.03,15.08,$11.89B,$11.14B,1.07,$1.56B,$1.11B,1.4,$0.81B,$0.62B,77.01%,$0.81B,$0.12B,14.96%,$0.81B,0,0.00%,$0.81B,0,0.00%,$0.81B,$0.12B,14.96%,$0.81B,$0.06B,7.05%,$0.06B,$1.40B,4.31%,$0.06B,$1.11B,5.53%,$0.06B,$14.10B,0.43%,$0.12B,$2.96B,4.43%,$202,$44,$158,$0,$125,$170,$32,$0,$32,$12,$20,$20,$15,$0,$0,$31,32,$0.49,$0.47,$1473,$0,$0,$11889,$353,$1405,$291,$162,$2211,$14100,$11139,$1561,$0,$1561,$12701,$31,$394,$4,$1399,$14100,$49,$18,$45,$63,$56,$29,$0,$-1,$84,$196,$-16,$0,$85,$-52,$-74,$-125,$-551,$-607,$-56,$0,$-56,$214,$214,$-17,$356,$497,$85,$5,$-17
33,2010-06-30,31.4,$44.55,0.7,$32.44,0.97,$-50.78,0.0,$2.63,11.94,$11.46B,$10.79B,1.06,$1.54B,$1.10B,1.4,$0.90B,$0.70B,78.20%,$0.90B,$0.14B,16.02%,$0.90B,0,0.00%,$0.90B,0,0.00%,$0.90B,$0.14B,16.02%,$0.90B,$0.07B,7.68%,$0.07B,$1.39B,5.53%,$0.07B,$1.09B,7.21%,$0.07B,$13.71B,0.54%,$0.14B,$2.92B,5.72%,$200,$45,$155,$0,$133,$179,$21,$0,$21,$8,$13,$13,$8,$0,$0,$31,32,$0.26,$0.25,$1301,$0,$0,$11459,$347,$1497,$291,$114,$2250,$13709,$10785,$1538,$0,$1538,$12324,$31,$382,$5,$1385,$13709,$29,$10,$34,$44,$135,$-4,$-14,$-1,$115,$188,$-5,$0,$134,$37,$-202,$-165,$-421,$-458,$-77,$0,$-77,$213,$213,$-10,$138,$263,$-6,$3,$-10
34,2010-03-31,35.04,$43.96,0.8,$33.38,1.05,$-86.32,0.0,$2.44,14.36,$10.92B,$9.86B,1.11,$1.55B,$1.08B,1.44,$0.87B,$0.67B,76.38%,$0.87B,$0.13B,15.25%,$0.87B,0,0.00%,$0.87B,0,0.00%,$0.87B,$0.13B,15.25%,$0.87B,$0.06B,7.22%,$0.06B,$1.37B,5.39%,$0.06B,$1.07B,7.18%,$0.06B,$12.84B,0.52%,$0.13B,$2.91B,5.78%,$185,$47,$138,$0,$112,$160,$25,$0,$25,$9,$16,$16,$11,$0,$0,$26,27,$0.43,$0.41,$1384,$0,$0,$10921,$348,$1280,$291,$0,$1919,$12840,$9864,$1549,$0,$1549,$11475,$31,$374,$-3,$1365,$12840,$16,$6,$18,$24,$151,$-6,$-24,$0,$121,$161,$-2,$0,$0,$-82,$42,$-40,$-131,$-173,$-39,$0,$-39,$212,$212,$-6,$-192,$-25,$-37,$1,$-6
35,2009-12-31,28.91,$47.04,0.61,$33.13,0.87,$-98.01,0.0,$2.09,13.83,$10.25B,$10.09B,1.02,$0.99B,$0.85B,1.16,$0.85B,$0.63B,74.35%,$0.85B,$0.12B,13.95%,$0.85B,0,0.00%,$0.85B,0,0.00%,$0.85B,$0.12B,13.95%,$0.85B,$0.05B,6.26%,$0.05B,$1.14B,4.85%,$0.05B,$0.85B,6.60%,$0.05B,$12.22B,0.46%,$0.12B,$2.13B,5.64%,$222,$50,$172,$0,$128,$179,$43,$0,$43,$15,$28,$28,$23,$0,$0,$24,26,$0.97,$0.99,$1218,$0,$0,$10245,$350,$1329,$292,$0,$1971,$12216,$10089,$988,$0,$988,$11077,$27,$366,$-7,$1139,$12216,$73,$22,$68,$90,$-971,$-29,$-2,$-1,$-1004,$-841,$-18,$0,$-746,$-903,$240,$-663,$561,$-866,$-104,$0,$-104,$4,$4,$-22,$1541,$1420,$-287,$7,$-22
36,2009-09-30,26.25,$45.89,0.57,$30.72,0.85,$-60.31,0.0,$1.21,21.7,$10.06B,$10.03B,1.0,$1.00B,$0.82B,1.22,$0.77B,$0.54B,70.09%,$0.77B,$0.09B,11.05%,$0.77B,0,0.00%,$0.77B,0,0.00%,$0.77B,$0.08B,10.14%,$0.77B,$0.03B,3.90%,$0.03B,$1.11B,2.79%,$0.03B,$0.82B,3.82%,$0.03B,$12.14B,0.27%,$0.09B,$2.11B,4.05%,$292,$54,$238,$0,$183,$238,$55,$0,$55,$23,$32,$32,$27,$0,$0,$24,27,$1.14,$1.07,$1349,$0,$0,$10058,$353,$1434,$291,$0,$2078,$12136,$10029,$1001,$0,$1001,$11030,$27,$343,$-6,$1106,$12136,$45,$15,$20,$36,$-854,$-25,$26,$1,$-853,$-772,$-16,$0,$-685,$-1045,$138,$-907,$722,$-886,$-92,$0,$-92,$3,$3,$-18,$1471,$1364,$-294,$5,$-18
37,2009-06-30,15.05,$44.42,0.34,$26.00,0.58,$-25.82,0.0,$0.02,752.46,$9.45B,$9.30B,1.02,$1.00B,$0.78B,1.27,$0.63B,$0.38B,61.34%,$0.63B,$0.03B,3.99%,$0.63B,0,0.00%,$0.63B,0,0.00%,$0.63B,$0.02B,2.88%,$0.63B,0,0.00%,$0.00B,$1.07B,0.00%,$0.00B,$0.78B,0.00%,$0.00B,$11.36B,0.00%,$0.03B,$2.06B,1.23%,$173,$55,$118,$0,$107,$163,$10,$0,$10,$3,$7,$7,$2,$0,$0,$24,24,$0.06,$0.06,$843,$0,$0,$9452,$350,$1267,$290,$0,$1908,$11360,$9300,$995,$0,$995,$10294,$27,$318,$-18,$1065,$11360,$13,$10,$41,$51,$-754,$-19,$-8,$1,$-779,$-715,$-9,$0,$0,$-533,$286,$-246,$-18,$-274,$-97,$0,$-97,$1,$1,$-11,$815,$707,$-282,$3,$-11
38,2009-03-31,11.51,$44.47,0.26,$25.51,0.45,$6.24,1.84,$0.43,26.77,$8.77B,$8.74B,1.0,$1.01B,$0.78B,1.29,$0.61B,$0.36B,58.56%,$0.61B,$0.03B,5.38%,$0.61B,0,0.00%,$0.61B,0,0.00%,$0.61B,$0.03B,4.24%,$0.61B,$0.01B,1.47%,$0.01B,$1.06B,0.98%,$0.01B,$0.77B,1.43%,$0.01B,$10.82B,0.09%,$0.03B,$2.07B,1.65%,$159,$57,$101,$0,$91,$149,$10,$0,$10,$3,$6,$6,$1,$0,$0,$24,24,$0.06,$0.06,$501,$0,$0,$8766,$349,$1414,$290,$0,$2053,$10819,$8743,$1006,$0,$1006,$9756,$27,$316,$-15,$1063,$10819,$6,$5,$17,$22,$-157,$-9,$-2,$4,$-165,$-136,$-4,$0,$0,$-144,$154,$10,$-252,$-245,$-86,$0,$-86,$1,$1,$-7,$249,$156,$-225,$2,$-7
39,2008-12-31,18.99,$44.90,0.42,$25.59,0.74,$13.65,1.39,$0.77,24.66,$9.23B,$8.50B,1.09,$1.09B,$0.79B,1.39,$0.62B,$0.34B,55.93%,$0.62B,$0.04B,6.18%,$0.62B,0,0.00%,$0.62B,0,0.00%,$0.62B,$0.03B,5.04%,$0.62B,$0.02B,2.93%,$0.02B,$1.07B,2.13%,$0.02B,$0.78B,3.26%,$0.02B,$10.66B,0.18%,$0.04B,$2.16B,1.97%,$145,$63,$82,$0,$71,$135,$10,$0,$3,$1,$2,$2,$0,$0,$0,$24,24,$0.02,$0.02,$573,$0,$0,$9233,$350,$785,$291,$0,$1425,$10658,$8499,$1092,$0,$1092,$9592,$27,$319,$-10,$1067,$10658,$20,$18,$58,$76,$45,$-3,$4,$9,$55,$151,$-29,$0,$0,$-113,$-160,$-273,$-903,$-1205,$38,$0,$38,$4,$303,$-9,$906,$1238,$185,$10,$-9
40,2008-09-30,27.09,$34.16,0.79,$26.79,1.01,$11.48,2.36,$1.40,19.35,$7.75B,$7.99B,0.97,$1.06B,$0.76B,1.4,$0.65B,$0.36B,54.62%,$0.65B,$0.06B,8.46%,$0.65B,0,0.00%,$0.65B,0,0.00%,$0.65B,$0.05B,8.00%,$0.65B,$0.03B,5.23%,$0.03B,$0.81B,4.46%,$0.03B,$0.52B,7.23%,$0.03B,$9.87B,0.35%,$0.06B,$1.87B,3.01%,$149,$66,$83,$0,$87,$153,$-5,$0,$-5,$-2,$-2,$-2,$-3,$0,$0,$24,24,$-0.13,$-0.13,$200,$0,$0,$7754,$349,$1470,$292,$0,$2111,$9865,$7994,$1060,$0,$1060,$9056,$27,$318,$-14,$809,$9865,$19,$14,$49,$63,$31,$-1,$19,$6,$55,$137,$-24,$0,$0,$6,$-72,$-66,$-564,$-654,$47,$0,$47,$3,$52,$-8,$359,$449,$-68,$8,$-8
41,2008-06-30,21.84,$0.00,0.0,$27.26,0.8,$8.45,2.58,$1.92,11.37,$7.69B,$7.93B,0.97,$1.15B,$0.75B,1.53,$0.67B,$0.35B,52.47%,$0.67B,$0.07B,11.09%,$0.67B,0,0.00%,$0.67B,0,0.00%,$0.67B,$0.07B,10.64%,$0.67B,$0.05B,7.05%,$0.05B,$0.75B,6.34%,$0.05B,$0.46B,10.46%,$0.05B,$9.92B,0.49%,$0.07B,$1.90B,4.13%,$160,$67,$93,$0,$75,$142,$18,$0,$18,$6,$11,$11,$11,$0,$0,$24,24,$0.48,$0.47,$248,$0,$0,$7691,$349,$1591,$292,$0,$2232,$9923,$7930,$1147,$0,$1147,$9174,$26,$325,$-28,$749,$9923,$21,$9,$24,$33,$-11,$-0,$24,$5,$18,$72,$-19,$0,$0,$4,$-123,$-119,$-377,$-514,$134,$0,$134,$2,$2,$-4,$290,$422,$-21,$5,$-4
42,2008-03-31,32.0,$0.00,0.0,$27.60,1.16,$6.31,5.07,$2.07,15.46,$7.98B,$7.69B,1.04,$1.05B,$0.75B,1.4,$0.68B,$0.34B,50.37%,$0.68B,$0.08B,11.60%,$0.68B,0,0.00%,$0.68B,0,0.00%,$0.68B,$0.08B,11.16%,$0.68B,$0.05B,7.49%,$0.05B,$0.75B,6.95%,$0.05B,$0.46B,11.51%,$0.05B,$9.73B,0.54%,$0.08B,$1.81B,4.55%,$161,$74,$86,$0,$71,$146,$15,$0,$15,$5,$10,$10,$10,$0,$0,$24,24,$0.41,$0.40,$454,$0,$0,$7984,$345,$1111,$293,$0,$1749,$9732,$7691,$1052,$0,$1052,$8979,$26,$314,$-10,$753,$9732,$10,$5,$12,$17,$3,$0,$16,$2,$22,$48,$-10,$0,$0,$-1,$152,$151,$-86,$55,$68,$0,$68,$1,$1,$-4,$13,$77,$180,$2,$-4
43,2007-12-31,30.18,$31.56,0.96,$27.59,1.09,$5.94,5.08,$2.24,13.47,$7.43B,$7.64B,0.97,$0.99B,$0.74B,1.34,$0.69B,$0.34B,49.28%,$0.69B,$0.09B,12.57%,$0.69B,0,0.00%,$0.69B,0,0.00%,$0.69B,$0.08B,12.14%,$0.69B,$0.06B,8.09%,$0.06B,$0.74B,7.69%,$0.06B,$0.45B,12.79%,$0.06B,$9.37B,0.60%,$0.09B,$1.73B,5.16%,$180,$86,$93,$0,$65,$152,$27,$0,$24,$8,$16,$16,$16,$0,$0,$24,25,$0.66,$0.65,$273,$0,$0,$7432,$339,$1304,$294,$0,$1937,$9369,$7635,$994,$0,$994,$8629,$26,$310,$-14,$740,$9369,$56,$21,$11,$32,$32,$1,$-5,$1,$28,$115,$-43,$0,$-12,$9,$467,$476,$-256,$165,$177,$0,$177,$-99,$-99,$-8,$-395,$-325,$-44,$11,$-8
44,2007-09-30,38.89,$0.00,0.0,$27.05,1.44,$4.63,8.41,$2.16,18.01,$7.31B,$7.74B,0.94,$1.00B,$0.72B,1.39,$0.69B,$0.33B,48.61%,$0.69B,$0.08B,12.12%,$0.69B,0,0.00%,$0.69B,0,0.00%,$0.69B,$0.08B,12.12%,$0.69B,$0.06B,8.03%,$0.06B,$0.72B,7.47%,$0.06B,$0.43B,12.30%,$0.06B,$9.47B,0.58%,$0.08B,$1.73B,5.03%,$166,$88,$78,$0,$63,$152,$14,$0,$14,$4,$10,$10,$10,$0,$0,$24,25,$0.42,$0.40,$223,$0,$0,$7305,$337,$1536,$288,$0,$2160,$9465,$7739,$1004,$0,$1004,$8743,$26,$294,$-23,$722,$9465,$40,$15,$14,$29,$32,$1,$-21,$1,$12,$81,$-38,$0,$0,$10,$302,$312,$-313,$-39,$251,$0,$251,$-88,$-88,$-8,$-290,$-135,$-93,$8,$-8
45,2007-06-30,39.79,$0.00,0.0,$26.60,1.5,$8.29,4.8,$2.32,17.15,$7.22B,$7.67B,0.94,$0.96B,$0.72B,1.33,$0.69B,$0.34B,49.34%,$0.69B,$0.09B,13.39%,$0.69B,0,0.00%,$0.69B,0,0.00%,$0.69B,$0.09B,13.39%,$0.69B,$0.06B,8.73%,$0.06B,$0.72B,8.03%,$0.06B,$0.43B,13.14%,$0.06B,$9.35B,0.63%,$0.09B,$1.68B,5.69%,$174,$88,$86,$0,$62,$150,$23,$0,$23,$8,$15,$15,$15,$0,$0,$24,25,$0.64,$0.62,$184,$0,$0,$7215,$329,$1515,$289,$0,$2133,$9348,$7668,$960,$0,$960,$8628,$26,$288,$-38,$721,$9348,$30,$10,$8,$18,$15,$1,$-37,$0,$-20,$28,$-27,$0,$0,$5,$289,$294,$-229,$39,$185,$0,$185,$-66,$-66,$-4,$-319,$-204,$-137,$6,$-4
46,2007-03-31,40.48,$0.00,0.0,$25.86,1.57,$11.73,3.45,$2.39,16.94,$7.11B,$7.81B,0.91,$0.88B,$0.73B,1.2,$0.67B,$0.34B,50.45%,$0.67B,$0.10B,14.43%,$0.67B,0,0.00%,$0.67B,0,0.00%,$0.67B,$0.10B,14.43%,$0.67B,$0.06B,9.38%,$0.06B,$0.73B,8.43%,$0.06B,$0.44B,13.82%,$0.06B,$9.42B,0.67%,$0.10B,$1.61B,6.18%,$172,$88,$84,$0,$61,$149,$23,$0,$23,$8,$15,$15,$15,$0,$0,$25,26,$0.59,$0.57,$290,$0,$0,$7108,$321,$1696,$290,$0,$2307,$9415,$7806,$879,$0,$879,$8685,$26,$272,$-16,$730,$9415,$15,$5,$4,$9,$33,$1,$-13,$1,$22,$45,$-14,$0,$0,$3,$148,$151,$-51,$86,$101,$0,$101,$-60,$-60,$-4,$-202,$-165,$-34,$3,$-4
47,2006-12-31,43.43,$30.38,1.43,$25.16,1.73,$17.03,2.55,$2.58,16.83,$7.13B,$7.99B,0.89,$0.81B,$0.77B,1.05,$0.65B,$0.34B,52.54%,$0.65B,$0.10B,16.02%,$0.65B,0,0.00%,$0.65B,0,0.00%,$0.65B,$0.10B,16.02%,$0.65B,$0.07B,10.32%,$0.07B,$0.77B,9.21%,$0.07B,$0.48B,14.71%,$0.07B,$9.57B,0.73%,$0.10B,$1.59B,6.86%,$173,$88,$85,$0,$60,$150,$23,$0,$23,$8,$15,$15,$15,$0,$0,$25,26,$0.58,$0.55,$327,$0,$0,$7131,$311,$1840,$291,$0,$2441,$9572,$7986,$812,$0,$812,$8799,$26,$262,$-18,$773,$9572,$66,$16,$14,$30,$-73,$-1,$14,$5,$-56,$41,$0,$0,$-51,$-7,$160,$153,$-973,$-871,$75,$0,$75,$4,$4,$-7,$722,$793,$-36,$12,$-7
