,Date,Stock Price,Book Value per Share,Price to Book Ratio,TTM Sales per Share,Price to Sales Ratio,TTM FCF per Share,Price to FCF Ratio,TTM Net EPS,PE Ratio,Current Assets,Current Liabilities,Current Ratio,Long Term Debt,Shareholder's Equity_x,Debt to Equity Ratio,TTM Revenue_x,TTM Gross Profit,Gross Margin,TTM Revenue_y,TTM Operating Income,Operating Margin,TTM Revenue_x,TTM EBIT,EBIT Margin,TTM Revenue_y,TTM EBITDA,EBITDA Margin,TTM Revenue_x,TTM Pre-Tax Income,Pre-Tax Margin,TTM Revenue_y,TTM Net Income_x,Net Margin,TTM Net Income_y,Shareholder's Equity_y,Return on Equity,TTM Net Income_x,Tangible Equity,Return on Tangible Equity,TTM Net Income_y,Total Assets,Return on Assets,TTM Net Income,LT Investments & Debt,Return on Investment,revenue,cost-goods-sold,gross-profit,research-development-expenses,selling-general-administrative-expenses,operating-expenses,operating-income,total-non-operating-income-expense,pre-tax-income,total-provision-income-taxes,income-after-taxes,income-from-continuous-operations,net-income,ebitda,ebit,basic-shares-outstanding,shares-outstanding,eps-basic-net-earnings-per-share,eps-earnings-per-share-diluted,cash-on-hand,inventory,other-current-assets,total-current-assets,net-property-plant-equipment,long-term-investments,goodwill-intangible-assets-total,other-long-term-assets,total-long-term-assets,total-assets,total-current-liabilities,long-term-debt,other-non-current-liabilities,total-long-term-liabilities,total-liabilities,common-stock-net,retained-earnings-accumulated-deficit,comprehensive-income,total-share-holder-equity,total-liabilities-share-holders-equity,net-income-loss,total-depreciation-amortization-cash-flow,other-non-cash-items,total-non-cash-items,change-in-accounts-receivable,change-in-inventories,change-in-accounts-payable,change-in-assets-liabilities,total-change-in-assets-liabilities,cash-flow-from-operating-activities,net-change-in-property-plant-equipment,net-change-in-intangible-assets,net-acquisitions-divestitures,net-change-in-short-term-investments,net-change-in-long-term-investments,net-change-in-investments-total,investing-activities-other,cash-flow-from-investing-activities,net-long-term-debt,net-current-debt,debt-issuance-retirement-net-total,net-common-equity-issued-repurchased,net-total-equity-issued-repurchased,total-common-preferred-stock-dividends-paid,financial-activities-other,cash-flow-from-financial-activities,net-cash-flow,stock-based-compensation,common-stock-dividends-paid
0,2018-09-30,71.99,$-12.59,-5.72,$21.49,3.35,$8.88,8.11,$3.48,20.69,$0.34B,$0.31B,1.08,$1.69B,$-0.84B,-2.01,$1.50B,$0.84B,56.35%,$1.50B,$0.36B,23.93%,$1.50B,$0.36B,23.93%,$1.50B,$0.43B,28.41%,$1.50B,$0.21B,13.84%,$1.50B,$0.24B,16.24%,$0.24B,$-0.84B,-25.71%,$0.24B,$-1.80B,-12.77%,$0.24B,$1.38B,18.44%,$0.36B,$0.85B,47.80%,$366,$150,$215,$0,$97,$247,$119,$-36,$82,$12,$70,$70,$70,$132,$119,$67,70,$1.05,$1.00,$220,$14,$0,$336,$50,$0,$962,$19,$1045,$1382,$312,$1687,$17,$1911,$2223,$0,$2340,$-5,$-841,$1382,$180,$39,$18,$57,$-13,$18,$-2,$-23,$18,$255,$-32,$0,$-3,$0,$0,$0,$-10,$-45,$-58,$-25,$-83,$33,$33,$0,$-21,$-71,$137,$15,$0
1,2018-06-30,101.1,$-13.92,-7.26,$21.01,4.81,$7.95,12.71,$3.13,32.3,$0.29B,$0.38B,0.77,$1.64B,$-0.93B,-1.77,$1.45B,$0.81B,55.36%,$1.45B,$0.33B,22.70%,$1.45B,$0.33B,22.70%,$1.45B,$0.40B,27.44%,$1.45B,$0.19B,13.00%,$1.45B,$0.22B,14.99%,$0.22B,$-0.93B,-21.67%,$0.22B,$-1.89B,-11.09%,$0.22B,$1.34B,16.75%,$0.33B,$0.72B,44.76%,$410,$165,$245,$0,$117,$282,$128,$-37,$91,$20,$71,$71,$71,$141,$128,$66,70,$1.07,$1.01,$168,$19,$0,$291,$48,$0,$958,$24,$1045,$1337,$380,$1644,$35,$1884,$2264,$0,$2272,$-9,$-927,$1337,$110,$26,$11,$37,$-10,$13,$-1,$6,$22,$169,$-21,$0,$0,$0,$0,$0,$-10,$-31,$-39,$-25,$-64,$23,$23,$0,$-11,$-51,$85,$10,$0
2,2018-03-31,63.72,$-15.10,-4.22,$20.21,3.15,$7.01,9.08,$2.79,22.84,$0.26B,$0.36B,0.72,$1.70B,$-1.00B,-1.7,$1.39B,$0.75B,54.04%,$1.39B,$0.30B,21.50%,$1.39B,$0.30B,21.50%,$1.39B,$0.37B,26.55%,$1.39B,$0.17B,12.19%,$1.39B,$0.19B,13.85%,$0.19B,$-1.00B,-18.11%,$0.19B,$-1.95B,-9.49%,$0.19B,$1.31B,15.01%,$0.30B,$0.70B,39.89%,$408,$187,$221,$0,$159,$346,$62,$-36,$26,$-13,$39,$39,$39,$75,$62,$65,70,$0.60,$0.56,$118,$24,$0,$257,$47,$0,$953,$25,$1050,$1307,$356,$1704,$34,$1951,$2307,$0,$2210,$-7,$-1000,$1307,$39,$13,$4,$17,$-6,$8,$8,$2,$18,$73,$-8,$0,$0,$0,$0,$0,$-0,$-8,$-19,$-25,$-44,$15,$15,$0,$-2,$-32,$35,$4,$0
3,2017-12-31,44.28,$-15.64,-2.83,$19.28,2.3,$6.55,6.76,$2.39,18.53,$0.21B,$0.34B,0.61,$1.74B,$-1.01B,-1.72,$1.31B,$0.69B,52.95%,$1.31B,$0.27B,20.35%,$1.31B,$0.27B,20.35%,$1.31B,$0.34B,25.86%,$1.31B,$0.14B,11.02%,$1.31B,$0.16B,12.55%,$0.16B,$-1.01B,-14.81%,$0.16B,$-1.97B,-7.90%,$0.16B,$1.25B,12.84%,$0.27B,$0.73B,34.64%,$312,$150,$162,$0,$100,$263,$49,$-41,$8,$-55,$63,$63,$63,$77,$49,$64,68,$0.98,$0.92,$83,$32,$0,$209,$48,$0,$957,$20,$1037,$1246,$343,$1741,$30,$1914,$2258,$0,$2203,$-10,$-1012,$1246,$163,$71,$-25,$46,$5,$3,$-15,$10,$13,$222,$-41,$0,$0,$0,$0,$0,$-0,$-41,$-179,$25,$-154,$5,$5,$0,$-63,$-211,$-26,$15,$0
4,2017-09-30,43.55,$-16.82,-2.59,$18.76,2.32,$5.17,8.42,$1.68,25.92,$0.28B,$0.29B,0.96,$1.89B,$-1.09B,-1.74,$1.26B,$0.66B,52.30%,$1.26B,$0.26B,20.92%,$1.26B,$0.26B,20.92%,$1.26B,$0.32B,25.59%,$1.26B,$0.15B,12.12%,$1.26B,$0.11B,9.03%,$0.11B,$-1.09B,-9.86%,$0.11B,$-2.06B,-5.35%,$0.11B,$1.32B,8.88%,$0.26B,$0.80B,33.88%,$324,$147,$177,$0,$86,$232,$91,$-27,$64,$20,$45,$45,$45,$106,$91,$64,69,$0.69,$0.65,$178,$23,$0,$281,$49,$0,$974,$12,$1035,$1315,$293,$1885,$35,$2108,$2401,$0,$2144,$-15,$-1085,$1315,$100,$43,$13,$57,$7,$11,$-20,$32,$28,$185,$-31,$0,$0,$0,$0,$0,$-0,$-31,$-88,$0,$-88,$5,$5,$0,$-5,$-88,$70,$9,$0
5,2017-06-30,33.42,$-17.76,-1.88,$18.31,1.82,$3.96,8.45,$1.56,21.42,$0.22B,$0.27B,0.79,$1.90B,$-1.14B,-1.66,$1.22B,$0.63B,51.44%,$1.22B,$0.24B,19.69%,$1.22B,$0.24B,19.69%,$1.22B,$0.30B,24.53%,$1.22B,$0.13B,10.50%,$1.22B,$0.10B,8.53%,$0.10B,$-1.14B,-8.71%,$0.10B,$-2.12B,-4.80%,$0.10B,$1.25B,8.19%,$0.24B,$0.76B,31.27%,$342,$153,$189,$0,$93,$245,$96,$-25,$71,$26,$45,$45,$45,$110,$96,$64,68,$0.70,$0.67,$104,$23,$0,$215,$48,$0,$972,$13,$1032,$1247,$273,$1900,$29,$2118,$2391,$0,$2098,$-21,$-1143,$1247,$56,$28,$13,$41,$3,$11,$-20,$26,$1,$98,$-19,$0,$0,$0,$0,$0,$-0,$-19,$-83,$0,$-83,$1,$1,$0,$-4,$-86,$-4,$5,$0
6,2017-03-31,15.57,$-18.55,-0.84,$17.97,0.87,$3.24,4.81,$1.35,11.53,$0.27B,$0.30B,0.89,$1.98B,$-1.19B,-1.66,$1.19B,$0.60B,50.46%,$1.19B,$0.22B,18.37%,$1.19B,$0.22B,18.37%,$1.19B,$0.28B,23.34%,$1.19B,$0.10B,8.59%,$1.19B,$0.09B,7.50%,$0.09B,$-1.19B,-7.26%,$0.09B,$-2.16B,-4.04%,$0.09B,$1.30B,6.98%,$0.22B,$0.79B,28.76%,$329,$165,$164,$0,$134,$299,$30,$-29,$1,$-9,$11,$11,$11,$45,$30,$64,67,$0.17,$0.16,$135,$25,$0,$267,$48,$0,$973,$14,$1034,$1301,$300,$1978,$29,$2191,$2491,$0,$2061,$-22,$-1190,$1301,$11,$14,$6,$21,$-1,$8,$3,$21,$11,$42,$-10,$0,$0,$0,$0,$0,$-0,$-10,$-5,$0,$-5,$1,$1,$0,$-1,$-6,$27,$2,$0
7,2016-12-31,11.45,$-18.89,-0.61,$17.85,0.64,$3.30,3.47,$1.02,11.23,$0.24B,$0.29B,0.8,$1.98B,$-1.21B,-1.64,$1.17B,$0.59B,50.21%,$1.17B,$0.20B,17.34%,$1.17B,$0.20B,17.34%,$1.17B,$0.26B,22.32%,$1.17B,$0.09B,7.30%,$1.17B,$0.07B,5.75%,$0.07B,$-1.21B,-5.35%,$0.07B,$-2.18B,-3.00%,$0.07B,$1.27B,5.27%,$0.20B,$0.77B,27.53%,$267,$137,$130,$0,$84,$221,$47,$-29,$17,$4,$13,$13,$13,$62,$47,$64,66,$0.21,$0.21,$109,$33,$0,$235,$50,$0,$973,$13,$1036,$1271,$292,$1981,$30,$2186,$2479,$0,$2057,$-27,$-1208,$1271,$67,$59,$19,$79,$-0,$-4,$0,$-12,$-27,$119,$-34,$0,$-3,$0,$0,$0,$-0,$-38,$-165,$-48,$-213,$0,$0,$-0,$1,$-212,$-133,$7,$-0
8,2016-09-30,10.32,$-19.31,-0.53,$18.19,0.57,$2.33,4.43,$0.64,16.13,$0.22B,$0.31B,0.69,$1.99B,$-1.23B,-1.61,$1.16B,$0.58B,49.78%,$1.16B,$0.17B,14.78%,$1.16B,$0.17B,14.78%,$1.16B,$0.23B,19.79%,$1.16B,$0.05B,4.58%,$1.16B,$0.04B,3.72%,$0.04B,$-1.23B,-3.38%,$0.04B,$-2.21B,-1.91%,$0.04B,$1.26B,3.30%,$0.17B,$0.75B,23.86%,$281,$137,$144,$0,$78,$214,$67,$-28,$39,$4,$35,$35,$35,$82,$67,$64,66,$0.54,$0.53,$99,$29,$0,$215,$52,$0,$980,$15,$1046,$1261,$314,$1985,$28,$2181,$2495,$0,$2044,$-38,$-1233,$1261,$54,$44,$14,$58,$3,$-1,$-7,$7,$-18,$94,$-26,$0,$-3,$0,$0,$0,$-0,$-30,$-160,$-48,$-208,$0,$0,$-0,$1,$-207,$-142,$4,$-0
9,2016-06-30,11.63,$-19.91,-0.58,$18.70,0.62,$1.73,6.74,$0.49,23.73,$0.22B,$0.36B,0.6,$1.99B,$-1.27B,-1.57,$1.15B,$0.57B,49.52%,$1.15B,$0.17B,14.53%,$1.15B,$0.17B,14.53%,$1.15B,$0.23B,19.58%,$1.15B,$0.05B,4.09%,$1.15B,$0.03B,2.61%,$0.03B,$-1.27B,-2.31%,$0.03B,$-2.26B,-1.32%,$0.03B,$1.27B,2.25%,$0.17B,$0.72B,23.87%,$310,$149,$161,$0,$87,$236,$74,$-29,$45,$14,$30,$30,$30,$88,$74,$64,66,$0.48,$0.46,$114,$29,$0,$216,$52,$0,$984,$13,$1050,$1266,$362,$1989,$28,$2175,$2537,$0,$2010,$-42,$-1271,$1266,$20,$29,$6,$35,$-0,$-1,$-7,$21,$-8,$46,$-17,$0,$-3,$0,$0,$0,$-0,$-20,$-155,$0,$-155,$0,$0,$-0,$1,$-154,$-127,$5,$-0
10,2016-03-31,14.53,$-20.39,-0.71,$19.42,0.75,$1.33,10.9,$0.52,27.94,$0.24B,$0.42B,0.58,$1.99B,$-1.30B,-1.53,$1.15B,$0.57B,49.35%,$1.15B,$0.16B,14.27%,$1.15B,$0.16B,14.27%,$1.15B,$0.23B,19.67%,$1.15B,$0.05B,4.18%,$1.15B,$0.03B,2.44%,$0.03B,$-1.30B,-2.12%,$0.03B,$-2.28B,-1.22%,$0.03B,$1.29B,2.07%,$0.16B,$0.69B,23.77%,$307,$157,$150,$0,$136,$293,$14,$-30,$-16,$-6,$-11,$-11,$-11,$28,$14,$64,64,$-0.17,$-0.17,$128,$30,$0,$241,$55,$0,$982,$12,$1049,$1290,$415,$1993,$28,$2177,$2592,$0,$1979,$-40,$-1302,$1290,$-11,$15,$3,$18,$0,$-1,$30,$17,$36,$43,$-9,$0,$0,$0,$0,$0,$-0,$-9,$-150,$0,$-150,$0,$0,$0,$0,$-150,$-114,$3,$0
11,2015-12-31,22.8,$-20.27,-1.12,$20.26,1.13,$0.47,48.46,$0.59,38.64,$0.35B,$0.50B,0.7,$2.00B,$-1.29B,-1.55,$1.16B,$0.57B,49.31%,$1.16B,$0.17B,14.43%,$1.16B,$0.17B,14.43%,$1.16B,$0.23B,19.93%,$1.16B,$0.06B,4.73%,$1.16B,$0.03B,2.92%,$0.03B,$-1.29B,-2.53%,$0.03B,$-2.26B,-1.46%,$0.03B,$1.39B,2.44%,$0.17B,$0.71B,24.70%,$259,$138,$121,$0,$104,$243,$16,$-31,$-15,$-3,$-11,$-11,$-11,$31,$16,$58,59,$-0.21,$-0.21,$242,$28,$0,$351,$58,$0,$973,$12,$1043,$1394,$503,$1996,$28,$2181,$2684,$0,$1995,$-37,$-1290,$1394,$33,$63,$25,$88,$2,$5,$-14,$-16,$-66,$55,$-36,$0,$-3,$0,$0,$0,$-1,$-40,$-158,$48,$-110,$42,$42,$-0,$0,$-69,$-60,$25,$-0
12,2015-09-30,6.38,$-23.46,-0.27,$21.64,0.29,$3.33,1.92,$0.49,13.02,$0.32B,$0.52B,0.63,$2.03B,$-1.34B,-1.51,$1.23B,$0.62B,50.20%,$1.23B,$0.19B,15.73%,$1.23B,$0.19B,15.73%,$1.23B,$0.26B,21.01%,$1.23B,$0.08B,6.33%,$1.23B,$0.05B,3.97%,$0.05B,$-1.34B,-3.59%,$0.05B,$-2.32B,-2.08%,$0.05B,$1.40B,3.43%,$0.19B,$0.68B,26.58%,$273,$137,$137,$0,$74,$210,$63,$-31,$33,$11,$22,$22,$22,$78,$63,$57,57,$0.38,$0.38,$212,$12,$0,$322,$62,$0,$978,$6,$1073,$1395,$516,$2027,$26,$2222,$2737,$0,$1951,$-43,$-1342,$1395,$44,$48,$5,$54,$3,$20,$-15,$-5,$-45,$53,$-29,$0,$-3,$0,$0,$0,$-1,$-33,$-105,$0,$-105,$0,$0,$-0,$0,$-105,$-89,$8,$-0
13,2015-06-30,4.85,$-23.69,-0.2,$22.95,0.21,$6.32,0.77,$0.78,6.22,$0.25B,$0.46B,0.55,$2.03B,$-1.35B,-1.5,$1.31B,$0.67B,51.34%,$1.31B,$0.22B,17.01%,$1.31B,$0.22B,17.01%,$1.31B,$0.29B,22.15%,$1.31B,$0.10B,7.82%,$1.31B,$0.07B,4.98%,$0.07B,$-1.35B,-4.75%,$0.07B,$-2.34B,-2.75%,$0.07B,$1.34B,4.42%,$0.22B,$0.68B,27.65%,$310,$150,$159,$0,$89,$239,$71,$-24,$46,$19,$28,$28,$28,$89,$71,$57,57,$0.49,$0.49,$150,$19,$0,$251,$67,$0,$989,$6,$1091,$1341,$458,$2032,$24,$2236,$2694,$0,$1927,$-29,$-1353,$1341,$22,$34,$1,$35,$3,$14,$-12,$14,$-31,$26,$-23,$0,$-3,$0,$0,$0,$-0,$-27,$-148,$0,$-148,$0,$0,$-0,$0,$-148,$-151,$5,$-0
14,2015-03-31,6.99,$-24.27,-0.29,$24.55,0.28,$8.57,0.82,$1.24,5.64,$0.35B,$0.61B,0.57,$2.04B,$-1.39B,-1.47,$1.39B,$0.74B,52.91%,$1.39B,$0.27B,19.10%,$1.39B,$0.27B,19.10%,$1.39B,$0.33B,23.62%,$1.39B,$0.14B,9.91%,$1.39B,$0.09B,6.53%,$0.09B,$-1.39B,-6.59%,$0.09B,$-2.38B,-3.82%,$0.09B,$1.45B,6.00%,$0.27B,$0.65B,30.63%,$322,$165,$157,$0,$139,$304,$18,$-27,$-9,$-3,$-5,$-5,$-5,$34,$18,$57,57,$-0.10,$-0.10,$211,$28,$0,$345,$72,$0,$994,$4,$1101,$1446,$606,$2037,$18,$2225,$2832,$0,$1898,$-37,$-1385,$1446,$-5,$16,$1,$17,$0,$4,$3,$-3,$-19,$-7,$-11,$0,$-3,$0,$0,$0,$0,$-13,$-65,$0,$-65,$0,$0,$-0,$0,$-65,$-90,$2,$-0
15,2014-12-31,24.84,$-24.21,-1.03,$26.12,0.95,$10.21,2.43,$1.72,14.44,$0.43B,$0.43B,0.99,$2.28B,$-1.37B,-1.66,$1.48B,$0.80B,54.26%,$1.48B,$0.30B,20.20%,$1.48B,$0.30B,20.20%,$1.48B,$0.36B,24.26%,$1.48B,$0.18B,12.36%,$1.48B,$0.12B,7.97%,$0.12B,$-1.37B,-8.43%,$0.12B,$-2.37B,-4.92%,$0.12B,$1.54B,7.74%,$0.30B,$0.90B,32.21%,$328,$162,$166,$0,$124,$286,$42,$-34,$8,$4,$4,$4,$4,$58,$42,$57,57,$0.08,$0.08,$301,$32,$0,$426,$75,$0,$997,$4,$1109,$1535,$432,$2277,$22,$2476,$2908,$0,$1901,$-20,$-1373,$1535,$118,$59,$32,$91,$4,$9,$8,$-4,$23,$232,$-52,$0,$-17,$0,$0,$0,$-1,$-69,$-30,$0,$-30,$1,$1,$-0,$0,$-29,$127,$11,$-0
16,2014-09-30,27.44,$-24.06,-1.14,$26.83,1.02,$11.68,2.35,$2.54,10.8,$0.44B,$0.38B,1.16,$2.34B,$-1.36B,-1.72,$1.52B,$0.84B,55.27%,$1.52B,$0.33B,21.94%,$1.52B,$0.33B,21.94%,$1.52B,$0.40B,26.28%,$1.52B,$0.23B,14.82%,$1.52B,$0.14B,9.42%,$0.14B,$-1.36B,-10.02%,$0.14B,$-2.37B,-5.92%,$0.14B,$1.56B,9.58%,$0.33B,$0.98B,36.10%,$345,$158,$188,$0,$96,$254,$91,$-34,$57,$19,$38,$38,$38,$108,$91,$57,57,$0.67,$0.67,$327,$23,$0,$439,$77,$0,$1002,$6,$1119,$1558,$378,$2340,$21,$2544,$2922,$0,$1895,$-5,$-1364,$1558,$113,$44,$26,$70,$4,$18,$-9,$11,$38,$221,$-27,$0,$-17,$0,$0,$0,$-3,$-47,$-18,$0,$-18,$0,$0,$-0,$0,$-18,$153,$7,$-0
17,2014-06-30,20.17,$-24.78,-0.81,$27.77,0.73,$12.65,1.59,$2.94,6.86,$0.40B,$0.39B,1.04,$2.35B,$-1.40B,-1.67,$1.57B,$0.88B,56.28%,$1.57B,$0.37B,23.39%,$1.57B,$0.37B,23.39%,$1.57B,$0.43B,27.34%,$1.57B,$0.27B,16.95%,$1.57B,$0.17B,10.52%,$0.17B,$-1.40B,-11.28%,$0.17B,$-2.41B,-6.76%,$0.17B,$1.53B,11.33%,$0.37B,$0.94B,41.06%,$398,$172,$226,$0,$111,$283,$115,$-32,$82,$28,$54,$54,$54,$129,$115,$57,57,$0.95,$0.95,$276,$29,$0,$400,$81,$0,$1005,$3,$1127,$1526,$386,$2346,$23,$2545,$2931,$0,$1855,$-5,$-1404,$1526,$76,$28,$15,$43,$0,$14,$-8,$19,$27,$145,$-15,$0,$-17,$0,$0,$0,$0,$-32,$-12,$0,$-12,$0,$0,$-0,$0,$-12,$102,$4,$-0
18,2014-03-31,20.54,$-25.88,-0.79,$29.11,0.71,$12.77,1.61,$3.14,6.54,$0.37B,$0.40B,0.92,$2.35B,$-1.46B,-1.61,$1.64B,$0.94B,57.31%,$1.64B,$0.41B,24.73%,$1.64B,$0.41B,24.73%,$1.64B,$0.47B,28.44%,$1.64B,$0.29B,17.66%,$1.64B,$0.18B,10.72%,$0.18B,$-1.46B,-11.72%,$0.18B,$-2.45B,-7.15%,$0.18B,$1.48B,12.55%,$0.41B,$0.89B,47.10%,$409,$186,$223,$0,$172,$358,$51,$-15,$36,$15,$22,$22,$22,$64,$51,$56,57,$0.38,$0.38,$232,$33,$0,$368,$84,$0,$988,$3,$1115,$1483,$399,$2352,$24,$2545,$2944,$0,$1794,$-0,$-1461,$1483,$22,$13,$2,$16,$-3,$9,$10,$27,$44,$81,$-6,$0,$-12,$0,$0,$0,$-0,$-18,$-6,$0,$-6,$0,$0,$-0,$0,$-6,$57,$1,$-0
19,2013-12-31,32.93,$-26.17,-1.26,$30.59,1.08,$13.08,2.52,$3.63,9.07,$0.32B,$0.35B,0.91,$2.36B,$-1.48B,-1.6,$1.72B,$1.00B,58.12%,$1.72B,$0.46B,26.57%,$1.72B,$0.46B,26.57%,$1.72B,$0.52B,30.05%,$1.72B,$0.33B,19.32%,$1.72B,$0.20B,11.77%,$0.20B,$-1.48B,-13.16%,$0.20B,$-2.44B,-8.16%,$0.20B,$1.41B,14.93%,$0.46B,$0.88B,58.49%,$366,$164,$202,$0,$126,$290,$76,$-27,$50,$21,$29,$29,$29,$98,$76,$56,56,$0.51,$0.51,$175,$41,$0,$316,$87,$0,$958,$3,$1090,$1406,$346,$2358,$16,$2537,$2883,$0,$1771,$9,$-1477,$1406,$203,$61,$63,$124,$0,$7,$-4,$-17,$-3,$324,$-62,$0,$-84,$0,$0,$0,$0,$-145,$-88,$70,$-18,$16,$16,$-30,$-43,$-74,$104,$4,$-30
20,2013-09-30,37.37,$-26.76,-1.4,$31.00,1.21,$12.68,2.95,$4.12,9.07,$0.30B,$0.38B,0.79,$2.37B,$-1.51B,-1.57,$1.78B,$1.06B,59.36%,$1.78B,$0.51B,28.39%,$1.78B,$0.51B,28.39%,$1.78B,$0.55B,31.14%,$1.78B,$0.38B,21.14%,$1.78B,$0.23B,13.04%,$0.23B,$-1.51B,-14.60%,$0.23B,$-2.48B,-9.21%,$0.23B,$1.41B,17.67%,$0.51B,$0.86B,70.21%,$396,$164,$232,$0,$107,$272,$125,$-27,$98,$38,$60,$60,$60,$138,$125,$56,57,$1.07,$1.07,$181,$34,$0,$304,$89,$0,$968,$3,$1104,$1408,$384,$2370,$17,$2533,$2918,$0,$1743,$6,$-1509,$1408,$174,$39,$48,$87,$3,$15,$-8,$5,$41,$301,$-53,$0,$-78,$0,$0,$0,$0,$-131,$-12,$0,$-12,$16,$16,$-20,$-43,$-59,$111,$3,$-20
21,2013-06-30,45.78,$-27.79,-1.65,$31.66,1.45,$12.50,3.66,$4.25,10.77,$0.25B,$0.34B,0.75,$2.38B,$-1.56B,-1.52,$1.81B,$1.08B,59.54%,$1.81B,$0.51B,28.22%,$1.81B,$0.51B,28.22%,$1.81B,$0.56B,30.82%,$1.81B,$0.39B,21.39%,$1.81B,$0.24B,13.18%,$0.24B,$-1.56B,-14.56%,$0.24B,$-2.48B,-9.37%,$0.24B,$1.31B,18.96%,$0.51B,$0.82B,79.50%,$471,$187,$284,$0,$130,$317,$154,$-48,$106,$41,$65,$65,$65,$167,$154,$56,56,$1.16,$1.15,$120,$36,$0,$252,$88,$0,$922,$3,$1058,$1311,$337,$2376,$17,$2535,$2872,$0,$1694,$11,$-1561,$1311,$114,$25,$40,$66,$-1,$11,$-14,$12,$-1,$178,$-42,$0,$-35,$0,$0,$0,$0,$-76,$-6,$0,$-6,$10,$10,$-10,$-43,$-50,$50,$2,$-10
22,2013-03-31,41.74,$-29.00,-1.44,$31.78,1.31,$12.56,3.32,$4.46,9.36,$0.27B,$0.59B,0.47,$2.20B,$-1.62B,-1.36,$1.83B,$1.09B,59.63%,$1.83B,$0.51B,28.01%,$1.83B,$0.51B,28.01%,$1.83B,$0.56B,30.42%,$1.83B,$0.41B,22.32%,$1.83B,$0.25B,13.73%,$0.25B,$-1.62B,-14.78%,$0.25B,$-2.55B,-9.69%,$0.25B,$1.32B,20.38%,$0.51B,$0.58B,88.39%,$491,$207,$284,$0,$181,$388,$103,$-24,$79,$31,$49,$49,$49,$115,$103,$56,56,$0.87,$0.87,$121,$44,$0,$274,$82,$0,$931,$3,$1041,$1315,$586,$2196,$16,$2349,$2935,$0,$1642,$14,$-1621,$1315,$49,$12,$10,$22,$-6,$3,$6,$20,$44,$115,$-23,$0,$-35,$0,$0,$0,$0,$-58,$-6,$0,$-6,$3,$3,$-0,$1,$-3,$51,$2,$-0
23,2012-12-31,51.68,$-29.87,-1.73,$29.85,1.73,$12.06,4.29,$4.33,11.94,$0.22B,$0.45B,0.49,$2.29B,$-1.67B,-1.38,$1.84B,$1.09B,59.42%,$1.84B,$0.51B,27.81%,$1.84B,$0.51B,27.81%,$1.84B,$0.55B,30.09%,$1.84B,$0.42B,22.71%,$1.84B,$0.26B,13.96%,$0.26B,$-1.67B,-14.63%,$0.26B,$-2.56B,-9.77%,$0.26B,$1.22B,21.47%,$0.51B,$0.63B,135.81%,$421,$164,$256,$0,$134,$298,$123,$-30,$93,$35,$58,$58,$58,$134,$123,$60,61,$0.95,$0.93,$70,$47,$0,$218,$72,$0,$899,$3,$1001,$1219,$448,$2292,$15,$2436,$2884,$0,$1604,$13,$-1665,$1219,$257,$44,$38,$82,$6,$9,$-12,$-37,$-3,$337,$-79,$0,$-30,$0,$0,$0,$-0,$-109,$1325,$30,$1355,$-1492,$-1492,$-52,$-22,$-211,$17,$9,$-52
24,2012-09-30,51.93,$-30.91,-1.68,$28.54,1.82,$12.71,4.09,$4.16,12.48,$0.23B,$0.50B,0.45,$2.28B,$-1.72B,-1.33,$1.84B,$1.08B,58.58%,$1.84B,$0.51B,27.57%,$1.84B,$0.51B,27.57%,$1.84B,$0.55B,29.75%,$1.84B,$0.43B,23.22%,$1.84B,$0.26B,14.33%,$0.26B,$-1.72B,-18.23%,$0.26B,$-2.60B,-11.42%,$0.26B,$1.20B,22.43%,$0.51B,$0.56B,144.67%,$431,$175,$256,$0,$124,$299,$132,$-22,$110,$42,$67,$67,$67,$143,$132,$56,56,$1.21,$1.20,$81,$40,$0,$225,$62,$0,$879,$3,$973,$1198,$499,$2281,$12,$2420,$2918,$0,$1554,$11,$-1720,$1198,$199,$32,$33,$64,$8,$15,$-10,$-7,$27,$291,$-55,$0,$-17,$0,$0,$0,$-0,$-72,$1363,$0,$1363,$-1493,$-1493,$-32,$-23,$-186,$34,$6,$-32
25,2012-06-30,50.53,$-32.10,-1.57,$26.64,1.9,$13.13,3.85,$4.05,12.48,$0.25B,$0.51B,0.49,$2.34B,$-1.79B,-1.31,$1.83B,$1.07B,58.41%,$1.83B,$0.51B,27.95%,$1.83B,$0.51B,27.95%,$1.83B,$0.54B,29.53%,$1.83B,$0.44B,24.02%,$1.83B,$0.28B,15.12%,$0.28B,$-1.79B,-24.50%,$0.28B,$-2.64B,-13.97%,$0.28B,$1.19B,24.20%,$0.51B,$0.56B,152.49%,$485,$191,$294,$0,$140,$331,$154,$-28,$126,$48,$77,$77,$77,$164,$154,$57,57,$1.37,$1.36,$91,$40,$0,$247,$56,$0,$858,$3,$946,$1194,$507,$2341,$12,$2471,$2978,$0,$1494,$9,$-1785,$1194,$132,$21,$25,$46,$3,$14,$-12,$-10,$2,$180,$-38,$0,$0,$0,$0,$0,$-0,$-38,$1442,$0,$1442,$-1495,$-1495,$-23,$-23,$-98,$43,$4,$-23
26,2012-03-31,75.2,$-28.55,-2.63,$24.69,3.05,$13.81,5.44,$3.86,19.48,$0.23B,$1.29B,0.18,$1.62B,$-1.86B,-0.87,$1.83B,$1.06B,57.99%,$1.83B,$0.51B,27.99%,$1.83B,$0.51B,27.99%,$1.83B,$0.53B,29.02%,$1.83B,$0.45B,24.77%,$1.83B,$0.29B,15.66%,$0.29B,$-1.86B,-35.00%,$0.29B,$-2.71B,-17.17%,$0.29B,$1.18B,25.58%,$0.51B,$-0.23B,155.34%,$504,$215,$288,$0,$186,$401,$103,$-14,$89,$34,$55,$55,$55,$113,$103,$73,74,$0.74,$0.74,$80,$46,$0,$231,$52,$0,$856,$6,$945,$1176,$1289,$1623,$10,$1744,$3033,$0,$646,$8,$-1857,$1176,$55,$10,$12,$22,$2,$9,$-12,$11,$28,$105,$-21,$0,$0,$0,$0,$0,$-0,$-21,$699,$0,$699,$-716,$-716,$-13,$-23,$-53,$31,$2,$-13
27,2011-12-31,53.59,$-5.57,-9.63,$24.73,2.17,$15.09,3.55,$4.12,13.01,$0.22B,$0.49B,0.43,$0.93B,$-0.41B,-2.26,$1.83B,$1.06B,57.75%,$1.83B,$0.55B,29.80%,$1.83B,$0.55B,29.80%,$1.83B,$0.56B,30.29%,$1.83B,$0.48B,26.36%,$1.83B,$0.31B,16.70%,$0.31B,$-0.41B,-59.42%,$0.31B,$-1.26B,-22.42%,$0.31B,$1.12B,27.58%,$0.55B,$0.52B,108.12%,$415,$178,$237,$0,$120,$298,$117,$-16,$101,$37,$64,$64,$64,$126,$117,$73,74,$0.86,$0.85,$53,$53,$0,$215,$41,$0,$851,$6,$907,$1122,$494,$927,$10,$1037,$1531,$0,$1379,$6,$-410,$1122,$304,$36,$40,$76,$-1,$-11,$17,$16,$27,$407,$-45,$0,$0,$0,$0,$0,$-0,$-45,$-139,$-174,$-313,$7,$7,$-52,$6,$-352,$10,$9,$-52
28,2011-09-30,56.56,$-6.40,-8.84,$23.84,2.37,$13.63,4.15,$3.92,14.43,$0.19B,$0.48B,0.39,$0.98B,$-0.47B,-2.07,$1.77B,$1.01B,56.93%,$1.77B,$0.53B,29.59%,$1.77B,$0.53B,29.59%,$1.77B,$0.53B,29.59%,$1.77B,$0.46B,25.87%,$1.77B,$0.29B,16.40%,$0.29B,$-0.47B,-49.72%,$0.29B,$-1.32B,-20.29%,$0.29B,$1.09B,26.41%,$0.53B,$0.50B,106.06%,$428,$177,$251,$0,$113,$290,$138,$-14,$124,$44,$81,$81,$81,$138,$138,$74,74,$1.10,$1.09,$61,$38,$0,$189,$33,$0,$846,$0,$897,$1086,$482,$975,$11,$1075,$1557,$0,$1326,$-1,$-471,$1086,$241,$27,$32,$59,$5,$4,$-10,$47,$76,$375,$-30,$0,$0,$0,$0,$0,$-1,$-31,$-298,$0,$-298,$7,$7,$-39,$7,$-324,$21,$6,$-39
29,2011-06-30,73.06,$-7.37,-9.91,$22.46,3.25,$11.89,6.14,$3.42,21.36,$0.20B,$0.47B,0.42,$1.08B,$-0.54B,-1.98,$1.68B,$0.94B,55.93%,$1.68B,$0.48B,28.44%,$1.68B,$0.48B,28.44%,$1.68B,$0.48B,28.44%,$1.68B,$0.41B,24.27%,$1.68B,$0.25B,15.15%,$0.25B,$-0.54B,-39.41%,$0.25B,$-1.40B,-17.01%,$0.25B,$1.10B,22.96%,$0.48B,$0.53B,98.76%,$486,$199,$287,$0,$132,$331,$155,$-15,$140,$53,$87,$87,$87,$155,$155,$73,74,$1.19,$1.17,$60,$36,$0,$197,$33,$0,$855,$0,$908,$1104,$471,$1076,$13,$1176,$1647,$0,$1249,$4,$-542,$1104,$0,$0,$0,$0,$0,$0,$0,$0,$0,$255,$-20,$0,$0,$0,$0,$0,$-0,$-20,$-202,$0,$-202,$6,$6,$-26,$5,$-217,$20,$0,$-26
30,2011-03-31,67.7,$-8.72,-7.77,$20.82,3.25,$10.49,6.45,$2.98,22.72,$0.23B,$0.57B,0.39,$1.10B,$-0.64B,-1.73,$1.57B,$0.86B,55.04%,$1.57B,$0.43B,27.68%,$1.57B,$0.43B,27.68%,$1.57B,$0.43B,27.68%,$1.57B,$0.36B,22.90%,$1.57B,$0.22B,14.22%,$0.22B,$-0.64B,-32.67%,$0.22B,$-1.49B,-14.61%,$0.22B,$1.13B,20.22%,$0.43B,$0.47B,91.95%,$503,$220,$283,$0,$147,$368,$136,$-18,$118,$45,$73,$73,$74,$136,$136,$73,74,$1.01,$1.00,$77,$38,$0,$225,$30,$0,$850,$0,$901,$1126,$570,$1102,$14,$1192,$1763,$0,$1169,$3,$-637,$1126,$0,$0,$0,$0,$0,$0,$0,$0,$0,$184,$-7,$0,$0,$0,$0,$0,$0,$-6,$-114,$0,$-114,$-17,$-17,$-13,$1,$-143,$37,$0,$-13
31,2010-12-31,36.11,$-9.41,-3.84,$19.01,1.9,$8.87,4.07,$2.56,14.11,$0.19B,$0.54B,0.35,$1.17B,$-0.69B,-1.69,$1.45B,$0.79B,54.51%,$1.45B,$0.39B,26.77%,$1.45B,$0.39B,26.77%,$1.45B,$0.39B,26.77%,$1.45B,$0.31B,21.54%,$1.45B,$0.19B,13.35%,$0.19B,$-0.69B,-27.78%,$0.19B,$-1.54B,-12.59%,$0.19B,$1.09B,17.72%,$0.39B,$0.48B,84.43%,$357,$168,$189,$0,$92,$260,$96,$-19,$77,$29,$48,$48,$49,$96,$96,$76,76,$0.67,$0.66,$41,$41,$0,$190,$31,$0,$847,$10,$902,$1092,$539,$1168,$13,$1244,$1783,$0,$1104,$-5,$-691,$1092,$193,$34,$34,$67,$-7,$-8,$12,$23,$22,$282,$-22,$0,$0,$0,$0,$0,$-6,$-29,$-134,$46,$-88,$-107,$-107,$-53,$-9,$-257,$-5,$9,$-53
32,2010-09-30,29.9,$-9.54,-3.13,$18.35,1.63,$8.59,3.48,$2.14,13.97,$0.21B,$0.59B,0.36,$1.16B,$-0.71B,-1.64,$1.41B,$0.73B,52.10%,$1.41B,$0.34B,24.38%,$1.41B,$0.34B,24.38%,$1.41B,$0.34B,24.38%,$1.41B,$0.27B,19.19%,$1.41B,$0.16B,11.66%,$0.16B,$-0.71B,-23.14%,$0.16B,$-1.55B,-10.58%,$0.16B,$1.10B,15.00%,$0.34B,$0.46B,73.33%,$331,$152,$179,$0,$88,$240,$90,$-18,$72,$28,$44,$44,$44,$90,$90,$75,75,$0.59,$0.59,$73,$26,$0,$209,$32,$0,$844,$0,$894,$1103,$587,$1164,$13,$1224,$1811,$0,$1066,$-14,$-708,$1103,$0,$0,$0,$0,$0,$0,$0,$0,$0,$235,$-16,$0,$0,$0,$0,$0,$-0,$-16,$-64,$0,$-64,$-77,$-77,$-40,$-9,$-190,$27,$0,$-40
33,2010-06-30,24.49,$-9.13,-2.68,$18.17,1.35,$8.57,2.86,$2.23,10.98,$0.20B,$0.55B,0.37,$1.18B,$-0.69B,-1.71,$1.40B,$0.73B,52.29%,$1.40B,$0.35B,25.29%,$1.40B,$0.35B,25.29%,$1.40B,$0.35B,25.29%,$1.40B,$0.28B,20.21%,$1.40B,$0.17B,12.36%,$0.17B,$-0.69B,-24.07%,$0.17B,$-1.53B,-11.09%,$0.17B,$1.09B,15.92%,$0.35B,$0.49B,72.99%,$377,$165,$212,$0,$100,$265,$112,$-21,$92,$36,$56,$56,$56,$112,$112,$77,77,$0.73,$0.73,$66,$24,$0,$203,$32,$0,$837,$0,$888,$1090,$547,$1184,$13,$1237,$1784,$0,$1033,$-16,$-694,$1090,$0,$0,$0,$0,$0,$0,$0,$0,$0,$144,$-9,$0,$0,$0,$0,$0,$-0,$-9,$-46,$0,$-46,$-28,$-28,$-27,$-9,$-110,$19,$0,$-27
34,2010-03-31,24.16,$-9.08,-2.66,$18.10,1.34,$8.75,2.76,$2.26,10.69,$0.21B,$0.62B,0.34,$1.12B,$-0.70B,-1.6,$1.40B,$0.73B,52.08%,$1.40B,$0.35B,25.29%,$1.40B,$0.35B,25.29%,$1.40B,$0.35B,25.29%,$1.40B,$0.29B,20.49%,$1.40B,$0.18B,12.61%,$0.18B,$-0.70B,-23.67%,$0.18B,$-1.54B,-11.11%,$0.18B,$1.09B,16.21%,$0.35B,$0.42B,70.64%,$388,$176,$212,$0,$120,$297,$91,$-19,$72,$28,$44,$44,$45,$91,$91,$77,77,$0.58,$0.58,$52,$30,$0,$208,$33,$0,$843,$0,$885,$1093,$617,$1121,$13,$1176,$1793,$0,$1293,$-6,$-700,$1093,$0,$0,$0,$0,$0,$0,$0,$0,$0,$64,$-4,$0,$0,$0,$0,$0,$-0,$-4,$-39,$0,$-39,$0,$0,$-14,$0,$-52,$6,$0,$-14
35,2009-12-31,27.41,$-9.52,-2.88,$18.14,1.51,$9.31,2.94,$2.29,11.97,$0.20B,$0.54B,0.37,$1.24B,$-0.73B,-1.69,$1.40B,$0.73B,51.97%,$1.40B,$0.36B,25.45%,$1.40B,$0.36B,25.45%,$1.40B,$0.36B,25.45%,$1.40B,$0.29B,20.80%,$1.40B,$0.18B,12.72%,$0.18B,$-0.73B,-22.81%,$0.18B,$-1.58B,-11.01%,$0.18B,$1.09B,16.41%,$0.36B,$0.51B,67.04%,$311,$181,$130,$0,$80,$261,$50,$-17,$34,$16,$18,$18,$19,$50,$50,$77,77,$0.25,$0.25,$46,$32,$0,$200,$36,$0,$842,$3,$888,$1088,$536,$1238,$12,$1285,$1821,$0,$956,$-8,$-733,$1088,$175,$30,$48,$78,$-1,$10,$-6,$50,$13,$266,$-23,$0,$0,$0,$0,$0,$-0,$-24,$-163,$-32,$-195,$0,$0,$-54,$2,$-247,$-1,$9,$-54
36,2009-09-30,25.63,$-9.72,-2.64,$18.52,1.38,$8.84,2.9,$2.67,9.6,$0.19B,$0.52B,0.36,$1.27B,$-0.75B,-1.7,$1.43B,$0.78B,54.53%,$1.43B,$0.41B,28.31%,$1.43B,$0.41B,28.31%,$1.43B,$0.41B,28.31%,$1.43B,$0.33B,23.22%,$1.43B,$0.21B,14.44%,$0.21B,$-0.75B,-25.27%,$0.21B,$-1.59B,-12.53%,$0.21B,$1.08B,19.00%,$0.41B,$0.53B,73.25%,$324,$146,$178,$0,$77,$223,$101,$-16,$85,$33,$52,$52,$53,$101,$101,$77,77,$0.68,$0.68,$63,$23,$0,$188,$37,$0,$841,$0,$889,$1077,$517,$1273,$12,$1308,$1825,$0,$1253,$-16,$-748,$1077,$0,$0,$0,$0,$0,$0,$0,$0,$0,$242,$-19,$0,$0,$0,$0,$0,$-0,$-19,$-173,$0,$-173,$0,$0,$-41,$2,$-212,$15,$0,$-41
37,2009-06-30,23.92,$-10.30,-2.32,$18.82,1.27,$8.70,2.75,$2.66,8.99,$0.20B,$0.51B,0.39,$1.34B,$-0.79B,-1.69,$1.46B,$0.80B,54.55%,$1.46B,$0.41B,28.23%,$1.46B,$0.41B,28.23%,$1.46B,$0.41B,28.23%,$1.46B,$0.33B,22.76%,$1.46B,$0.21B,14.15%,$0.21B,$-0.79B,-24.15%,$0.21B,$-1.63B,-12.24%,$0.21B,$1.09B,18.86%,$0.41B,$0.55B,72.08%,$373,$165,$207,$0,$96,$261,$111,$-16,$95,$37,$58,$58,$59,$111,$111,$77,77,$0.76,$0.76,$53,$28,$0,$197,$37,$0,$835,$0,$888,$1086,$507,$1342,$12,$1371,$1878,$0,$1212,$-17,$-793,$1086,$0,$0,$0,$0,$0,$0,$0,$0,$0,$162,$-13,$0,$0,$0,$0,$0,$-0,$-14,$-117,$0,$-117,$0,$0,$-27,$-1,$-146,$6,$0,$-27
38,2009-03-31,16.93,$-11.02,-1.54,$19.05,0.89,$8.87,1.91,$2.49,6.8,$0.21B,$0.53B,0.41,$1.39B,$-0.85B,-1.64,$1.49B,$0.80B,53.76%,$1.49B,$0.40B,27.05%,$1.49B,$0.40B,27.05%,$1.49B,$0.40B,27.05%,$1.49B,$0.32B,21.34%,$1.49B,$0.20B,13.09%,$0.20B,$-0.85B,-22.10%,$0.20B,$-1.68B,-11.35%,$0.20B,$1.09B,17.68%,$0.40B,$0.55B,66.89%,$391,$178,$212,$0,$118,$297,$94,$-17,$77,$30,$47,$47,$47,$94,$94,$77,77,$0.61,$0.61,$60,$34,$0,$214,$37,$0,$829,$0,$873,$1087,$527,$1393,$12,$1408,$1936,$0,$1164,$-26,$-848,$1087,$0,$0,$0,$0,$0,$0,$0,$0,$0,$109,$-6,$0,$0,$0,$0,$0,$-1,$-7,$-79,$0,$-79,$0,$0,$-14,$2,$-90,$12,$0,$-14
39,2008-12-31,26.85,$-11.53,-2.33,$19.46,1.38,$8.77,3.06,$2.60,10.33,$0.23B,$0.50B,0.46,$1.49B,$-0.89B,-1.67,$1.54B,$0.84B,54.36%,$1.54B,$0.43B,27.67%,$1.54B,$0.43B,27.67%,$1.54B,$0.43B,27.67%,$1.54B,$0.33B,21.74%,$1.54B,$0.21B,13.35%,$0.21B,$-0.89B,-22.94%,$0.21B,$-1.72B,-11.88%,$0.21B,$1.11B,18.56%,$0.43B,$0.60B,68.58%,$346,$162,$185,$0,$85,$246,$100,$-24,$76,$29,$47,$47,$48,$100,$100,$78,78,$0.62,$0.62,$47,$40,$0,$225,$38,$0,$828,$3,$882,$1107,$495,$1485,$11,$1499,$1994,$0,$1131,$-29,$-887,$1107,$202,$26,$22,$48,$-0,$3,$-5,$-15,$-9,$241,$-32,$0,$-40,$0,$0,$0,$-1,$-72,$-1,$0,$-1,$-108,$-108,$-55,$4,$-160,$7,$11,$-55
40,2008-09-30,33.2,$-11.72,-2.83,$19.29,1.72,$9.70,3.42,$2.48,13.39,$0.22B,$0.49B,0.45,$1.50B,$-0.90B,-1.67,$1.53B,$0.83B,54.11%,$1.53B,$0.42B,27.05%,$1.53B,$0.42B,27.05%,$1.53B,$0.42B,27.05%,$1.53B,$0.32B,20.99%,$1.53B,$0.20B,12.84%,$0.20B,$-0.90B,-21.80%,$0.20B,$-1.74B,-11.39%,$0.20B,$1.11B,18.08%,$0.42B,$0.60B,64.92%,$353,$158,$194,$0,$87,$245,$108,$-23,$85,$33,$52,$52,$53,$108,$108,$78,78,$0.68,$0.67,$58,$32,$0,$222,$39,$0,$841,$0,$888,$1110,$492,$1501,$12,$1519,$2011,$0,$1094,$-5,$-901,$1110,$0,$0,$0,$0,$0,$0,$0,$0,$0,$234,$-19,$0,$-40,$0,$0,$0,$-5,$-64,$-6,$0,$-6,$-108,$-108,$-42,$5,$-150,$18,$0,$-42
41,2008-06-30,32.14,$-11.39,-2.82,$19.01,1.69,$10.06,3.19,$2.43,13.23,$0.22B,$0.43B,0.51,$1.56B,$-0.89B,-1.75,$1.52B,$0.82B,54.28%,$1.52B,$0.41B,27.21%,$1.52B,$0.41B,27.21%,$1.52B,$0.41B,27.21%,$1.52B,$0.32B,20.95%,$1.52B,$0.19B,12.78%,$0.19B,$-0.89B,-21.21%,$0.19B,$-1.74B,-11.21%,$0.19B,$1.11B,18.11%,$0.41B,$0.67B,61.94%,$400,$190,$210,$0,$109,$299,$101,$-22,$80,$33,$46,$46,$47,$101,$101,$79,79,$0.59,$0.59,$74,$33,$0,$216,$39,$0,$845,$0,$891,$1107,$426,$1560,$11,$1574,$2000,$0,$1037,$-2,$-893,$1107,$0,$0,$0,$0,$0,$0,$0,$0,$0,$178,$-12,$0,$-40,$0,$0,$0,$-3,$-54,$-18,$0,$-18,$-47,$-47,$-28,$1,$-92,$35,$0,$-28
42,2008-03-31,41.62,$-11.24,-3.7,$18.83,2.21,$10.29,4.04,$2.57,16.19,$0.22B,$0.47B,0.46,$1.51B,$-0.89B,-1.69,$1.50B,$0.83B,55.45%,$1.50B,$0.44B,28.92%,$1.50B,$0.44B,28.92%,$1.50B,$0.44B,28.92%,$1.50B,$0.33B,22.07%,$1.50B,$0.21B,13.63%,$0.21B,$-0.89B,-21.83%,$0.21B,$-1.71B,-11.77%,$0.21B,$1.10B,19.41%,$0.44B,$0.61B,63.25%,$437,$191,$246,$0,$130,$321,$116,$-23,$93,$36,$57,$57,$57,$116,$116,$79,80,$0.72,$0.72,$59,$40,$0,$217,$39,$0,$814,$0,$878,$1095,$469,$1508,$11,$1520,$1989,$0,$1000,$-20,$-894,$1095,$0,$0,$0,$0,$0,$0,$0,$0,$0,$105,$-6,$0,$-13,$0,$0,$0,$-1,$-20,$-60,$0,$-60,$5,$5,$-14,$0,$-68,$20,$0,$-14
43,2007-12-31,40.43,$-11.67,-3.47,$18.01,2.24,$10.17,3.98,$2.48,16.3,$0.19B,$0.36B,0.52,$1.60B,$-0.93B,-1.73,$1.47B,$0.81B,55.53%,$1.47B,$0.44B,29.67%,$1.47B,$0.44B,29.67%,$1.47B,$0.44B,29.67%,$1.47B,$0.33B,22.31%,$1.47B,$0.20B,13.78%,$0.20B,$-0.93B,-20.64%,$0.20B,$-1.73B,-11.41%,$0.20B,$1.05B,19.48%,$0.44B,$0.68B,60.42%,$344,$164,$180,$0,$90,$254,$90,$-26,$64,$24,$40,$40,$40,$90,$90,$81,81,$0.50,$0.50,$40,$45,$0,$186,$36,$0,$805,$3,$860,$1046,$358,$1603,$10,$1614,$1973,$0,$950,$-2,$-926,$1046,$201,$21,$30,$51,$-2,$-3,$9,$15,$66,$319,$-27,$0,$-17,$0,$0,$0,$-5,$-49,$799,$0,$799,$-1015,$-1015,$-59,$5,$-269,$2,$12,$-59
44,2007-09-30,51.31,$-11.90,-4.31,$16.64,3.08,$8.99,5.71,$2.43,21.11,$0.18B,$0.32B,0.58,$1.66B,$-0.95B,-1.75,$1.41B,$0.78B,55.51%,$1.41B,$0.42B,30.06%,$1.41B,$0.42B,30.06%,$1.41B,$0.42B,30.06%,$1.41B,$0.33B,23.31%,$1.41B,$0.21B,14.64%,$0.21B,$-0.95B,-26.95%,$0.21B,$-1.75B,-13.33%,$0.21B,$1.04B,20.08%,$0.42B,$0.71B,57.05%,$337,$150,$188,$0,$81,$231,$106,$-26,$81,$31,$50,$50,$50,$106,$106,$79,80,$0.63,$0.62,$49,$38,$0,$184,$32,$0,$802,$0,$853,$1037,$318,$1655,$9,$1664,$1982,$0,$921,$10,$-945,$1037,$0,$0,$0,$0,$0,$0,$0,$0,$0,$265,$-17,$0,$-17,$0,$0,$0,$-4,$-38,$837,$0,$837,$-1016,$-1016,$-45,$5,$-218,$11,$0,$-45
45,2007-06-30,45.16,$-12.59,-3.59,$15.30,2.95,$8.07,5.6,$2.33,19.38,$0.20B,$0.29B,0.7,$1.74B,$-0.99B,-1.76,$1.36B,$0.75B,55.28%,$1.36B,$0.41B,30.18%,$1.36B,$0.41B,30.18%,$1.36B,$0.41B,30.18%,$1.36B,$0.33B,24.06%,$1.36B,$0.21B,15.28%,$0.21B,$-0.99B,-37.38%,$0.21B,$-1.78B,-15.81%,$0.21B,$1.05B,20.69%,$0.41B,$0.75B,55.36%,$386,$167,$220,$0,$96,$263,$123,$-29,$94,$36,$58,$58,$58,$123,$123,$79,79,$0.74,$0.73,$61,$34,$0,$202,$32,$0,$792,$0,$844,$1046,$287,$1742,$9,$1751,$2038,$0,$867,$19,$-991,$1046,$0,$0,$0,$0,$0,$0,$0,$0,$0,$196,$-11,$0,$-16,$0,$0,$0,$-2,$-30,$915,$0,$915,$-1025,$-1025,$-31,$-4,$-144,$24,$0,$-31
46,2007-03-31,40.8,$-13.38,-3.05,$13.64,2.99,$7.30,5.59,$2.18,18.71,$0.19B,$0.27B,0.7,$1.80B,$-1.05B,-1.71,$1.29B,$0.71B,54.96%,$1.29B,$0.39B,30.31%,$1.29B,$0.39B,30.31%,$1.29B,$0.39B,30.31%,$1.29B,$0.33B,25.19%,$1.29B,$0.21B,16.05%,$0.21B,$-1.05B,-62.07%,$0.21B,$-1.82B,-19.78%,$0.21B,$1.02B,21.72%,$0.39B,$0.74B,55.28%,$399,$173,$226,$0,$110,$284,$116,$-28,$88,$34,$54,$54,$54,$116,$116,$85,86,$0.63,$0.63,$54,$35,$0,$187,$32,$0,$767,$0,$833,$1019,$268,$1796,$8,$1804,$2072,$0,$817,$7,$-1053,$1019,$0,$0,$0,$0,$0,$0,$0,$0,$0,$102,$-5,$0,$0,$0,$0,$0,$-1,$-7,$969,$0,$969,$-1027,$-1027,$-17,$-4,$-79,$16,$0,$-17
47,2006-12-31,46.32,$-0.70,-66.05,$12.36,3.75,$7.13,6.49,$2.11,21.95,$0.17B,$0.23B,0.72,$0.83B,$-0.07B,-12.14,$1.23B,$0.68B,54.74%,$1.23B,$0.38B,30.74%,$1.23B,$0.38B,30.74%,$1.23B,$0.38B,30.74%,$1.23B,$0.33B,26.76%,$1.23B,$0.21B,17.03%,$0.21B,$-0.07B,-260.06%,$0.21B,$-0.83B,-27.81%,$0.21B,$1.00B,23.02%,$0.38B,$0.76B,55.90%,$285,$138,$147,$0,$69,$207,$78,$-13,$65,$21,$44,$44,$44,$78,$78,$99,99,$0.46,$0.45,$38,$39,$0,$169,$31,$0,$764,$3,$832,$1001,$233,$830,$6,$836,$1069,$0,$771,$6,$-68,$1001,$210,$15,$40,$55,$-11,$-2,$11,$-7,$1,$266,$-26,$0,$-140,$0,$0,$0,$-5,$-171,$103,$0,$103,$-146,$-146,$-52,$4,$-91,$6,$12,$-52
