,Date,Stock Price,Book Value per Share,Price to Book Ratio,TTM Sales per Share,Price to Sales Ratio,TTM FCF per Share,Price to FCF Ratio,TTM Net EPS,PE Ratio,Current Assets,Current Liabilities,Current Ratio,Long Term Debt,Shareholder's Equity_x,Debt to Equity Ratio,TTM Revenue_x,TTM Gross Profit,Gross Margin,TTM Revenue_y,TTM Operating Income,Operating Margin,TTM Revenue_x,TTM EBIT,EBIT Margin,TTM Revenue_y,TTM EBITDA,EBITDA Margin,TTM Revenue_x,TTM Pre-Tax Income,Pre-Tax Margin,TTM Revenue_y,TTM Net Income_x,Net Margin,TTM Net Income_y,Shareholder's Equity_y,Return on Equity,TTM Net Income_x,Tangible Equity,Return on Tangible Equity,TTM Net Income_y,Total Assets,Return on Assets,TTM Net Income,LT Investments & Debt,Return on Investment,revenue,cost-goods-sold,gross-profit,research-development-expenses,selling-general-administrative-expenses,operating-expenses,operating-income,total-non-operating-income-expense,pre-tax-income,total-provision-income-taxes,income-after-taxes,income-from-continuous-operations,net-income,ebitda,ebit,basic-shares-outstanding,shares-outstanding,eps-basic-net-earnings-per-share,eps-earnings-per-share-diluted,cash-on-hand,inventory,other-current-assets,total-current-assets,net-property-plant-equipment,long-term-investments,goodwill-intangible-assets-total,other-long-term-assets,total-long-term-assets,total-assets,total-current-liabilities,long-term-debt,other-non-current-liabilities,total-long-term-liabilities,total-liabilities,common-stock-net,retained-earnings-accumulated-deficit,comprehensive-income,total-share-holder-equity,total-liabilities-share-holders-equity,net-income-loss,total-depreciation-amortization-cash-flow,other-non-cash-items,total-non-cash-items,change-in-accounts-receivable,change-in-inventories,change-in-accounts-payable,change-in-assets-liabilities,total-change-in-assets-liabilities,cash-flow-from-operating-activities,net-change-in-property-plant-equipment,net-change-in-intangible-assets,net-acquisitions-divestitures,net-change-in-short-term-investments,net-change-in-long-term-investments,net-change-in-investments-total,investing-activities-other,cash-flow-from-investing-activities,net-long-term-debt,net-current-debt,debt-issuance-retirement-net-total,net-common-equity-issued-repurchased,net-total-equity-issued-repurchased,total-common-preferred-stock-dividends-paid,financial-activities-other,cash-flow-from-financial-activities,net-cash-flow,stock-based-compensation,common-stock-dividends-paid
0,2018-09-30,19.06,$-0.94,-20.36,$12.23,1.56,$2.92,6.52,$-1.05,0.0,$4.79B,$5.69B,0.84,$3.30B,$-0.42B,-7.93,$5.63B,$2.29B,40.65%,$5.63B,$0.60B,10.63%,$5.63B,$0.60B,10.63%,$5.63B,$1.32B,23.50%,$5.63B,$0.47B,8.32%,$5.63B,$-0.48B,-8.53%,$-0.48B,$-0.42B,110.79%,$-0.48B,$-3.75B,12.85%,$-0.48B,$8.99B,-5.26%,$0.60B,$2.88B,21.61%,$1388,$812,$575,$0,$273,$1085,$303,$-36,$266,$58,$209,$209,$209,$366,$303,$447,449,$0.47,$0.46,$768,$0,$0,$4786,$267,$0,$3330,$607,$4203,$8990,$5689,$3295,$265,$3716,$9405,$4,$-917,$-247,$-415,$8990,$640,$196,$24,$220,$0,$0,$0,$-58,$-341,$519,$-139,$-110,$0,$0,$18,$18,$0,$-230,$259,$0,$259,$-351,$-351,$-258,$-7,$-356,$-68,$0,$-258
1,2018-06-30,20.33,$-1.01,-20.21,$12.16,1.67,$2.82,7.2,$-1.00,0.0,$4.95B,$5.76B,0.86,$3.33B,$-0.45B,-7.38,$5.64B,$2.28B,40.33%,$5.64B,$0.57B,10.05%,$5.64B,$0.57B,10.05%,$5.64B,$1.29B,22.93%,$5.64B,$0.44B,7.81%,$5.64B,$-0.45B,-8.03%,$-0.45B,$-0.45B,297.54%,$-0.45B,$-3.72B,12.71%,$-0.45B,$9.12B,-4.84%,$0.57B,$2.88B,18.24%,$1411,$829,$582,$0,$298,$1128,$284,$-28,$256,$38,$218,$218,$218,$349,$284,$457,460,$0.48,$0.47,$938,$0,$0,$4950,$242,$0,$3272,$652,$4166,$9116,$5763,$3332,$306,$3804,$9567,$5,$-940,$-248,$-451,$9116,$431,$132,$-1,$132,$0,$0,$0,$-39,$-264,$299,$-71,$-19,$0,$0,$22,$22,$0,$-69,$298,$0,$298,$-244,$-244,$-173,$-5,$-124,$106,$0,$-173
2,2018-03-31,19.05,$-0.82,-23.35,$12.01,1.59,$2.16,8.82,$-1.12,0.0,$4.96B,$5.88B,0.84,$3.14B,$-0.38B,-8.37,$5.61B,$2.23B,39.76%,$5.61B,$0.50B,8.88%,$5.61B,$0.50B,8.88%,$5.61B,$1.23B,21.85%,$5.61B,$0.37B,6.58%,$5.61B,$-0.50B,-8.98%,$-0.50B,$-0.38B,-400.80%,$-0.50B,$-3.67B,14.77%,$-0.50B,$9.19B,-5.35%,$0.50B,$2.77B,14.39%,$1389,$825,$564,$0,$299,$1125,$265,$-30,$235,$21,$214,$214,$214,$332,$265,$460,464,$0.46,$0.46,$934,$0,$0,$4961,$216,$0,$3296,$716,$4227,$9188,$5883,$3143,$364,$3681,$9564,$5,$-820,$-276,$-376,$9188,$214,$67,$9,$76,$0,$0,$0,$-45,$-157,$133,$-27,$-10,$0,$0,$4,$4,$0,$-33,$110,$0,$110,$-8,$-8,$-88,$-5,$10,$109,$0,$-88
3,2017-12-31,18.66,$-1.07,-17.43,$11.71,1.59,$2.07,9.01,$-1.25,0.0,$5.03B,$6.16B,0.82,$3.03B,$-0.49B,-6.17,$5.52B,$2.17B,39.28%,$5.52B,$0.47B,8.56%,$5.52B,$0.47B,8.56%,$5.52B,$1.20B,21.74%,$5.52B,$0.35B,6.28%,$5.52B,$-0.56B,-10.07%,$-0.56B,$-0.49B,-136.53%,$-0.56B,$-3.81B,17.06%,$-0.56B,$9.23B,-5.85%,$0.47B,$2.54B,12.35%,$1438,$873,$566,$0,$356,$1693,$-254,$-35,$-289,$832,$-1121,$-1121,$-1121,$276,$-254,$468,468,$-2.39,$-2.38,$838,$0,$0,$5027,$214,$0,$3314,$676,$4204,$9231,$6159,$3034,$357,$3563,$9723,$5,$-966,$-228,$-491,$9231,$-557,$727,$194,$921,$0,$0,$0,$-61,$372,$736,$-102,$-75,$-25,$0,$-3,$-3,$0,$-205,$246,$0,$246,$-491,$-491,$-326,$0,$-571,$-39,$0,$-326
4,2017-09-30,18.68,$1.54,12.09,$11.41,1.64,$2.58,7.24,$0.46,40.61,$4.98B,$5.00B,1.0,$3.53B,$0.71B,4.98,$5.46B,$2.13B,39.03%,$5.46B,$0.41B,7.57%,$5.46B,$0.41B,7.57%,$5.46B,$0.68B,12.42%,$5.46B,$0.30B,5.46%,$5.46B,$0.21B,3.85%,$0.21B,$0.71B,27.80%,$0.21B,$-3.05B,-6.91%,$0.21B,$9.87B,2.20%,$0.41B,$4.24B,10.04%,$1405,$841,$564,$0,$292,$1133,$272,$-33,$239,$4,$236,$236,$236,$338,$272,$463,465,$0.51,$0.51,$1035,$0,$0,$4982,$212,$0,$3762,$918,$4892,$9874,$5002,$3533,$488,$4162,$9164,$5,$248,$-228,$709,$9874,$564,$197,$130,$327,$0,$0,$0,$13,$-468,$423,$-76,$-46,$0,$0,$-164,$-164,$0,$-286,$746,$0,$746,$-481,$-481,$-245,$0,$20,$157,$0,$-245
5,2017-06-30,18.36,$1.42,12.89,$11.21,1.64,$3.32,5.52,$0.39,47.08,$4.71B,$4.57B,1.03,$3.63B,$0.66B,5.49,$5.43B,$2.12B,39.05%,$5.43B,$0.42B,7.71%,$5.43B,$0.42B,7.71%,$5.43B,$0.69B,12.61%,$5.43B,$0.30B,5.51%,$5.43B,$0.19B,3.52%,$0.19B,$0.66B,20.64%,$0.19B,$-3.12B,-6.60%,$0.19B,$9.41B,2.02%,$0.42B,$4.29B,9.96%,$1379,$842,$537,$0,$321,$1164,$215,$-31,$184,$18,$167,$167,$167,$281,$215,$469,472,$0.35,$0.35,$1059,$0,$0,$4706,$215,$0,$3778,$710,$4703,$9408,$4574,$3627,$410,$4173,$8747,$5,$194,$-209,$661,$9408,$328,$132,$104,$236,$0,$0,$0,$23,$-588,$-24,$-55,$-21,$0,$0,$-16,$-16,$0,$-91,$841,$0,$841,$-379,$-379,$-165,$0,$297,$182,$0,$-165
6,2017-03-31,19.44,$1.59,12.23,$11.07,1.76,$4.38,4.44,$0.46,42.26,$4.78B,$4.83B,0.99,$3.49B,$0.75B,4.65,$5.43B,$2.14B,39.39%,$5.43B,$0.46B,8.55%,$5.43B,$0.46B,8.55%,$5.43B,$0.73B,13.45%,$5.43B,$0.34B,6.23%,$5.43B,$0.23B,4.24%,$0.23B,$0.75B,21.13%,$0.23B,$-3.06B,-8.36%,$0.23B,$9.49B,2.43%,$0.46B,$4.24B,10.86%,$1302,$800,$503,$0,$262,$1062,$240,$-27,$213,$51,$162,$162,$162,$307,$240,$480,483,$0.34,$0.33,$1323,$0,$0,$4775,$209,$0,$3812,$690,$4711,$9486,$4828,$3491,$281,$3908,$8736,$5,$260,$-174,$750,$9486,$162,$66,$76,$142,$0,$0,$0,$-20,$-218,$86,$-20,$-7,$0,$0,$-24,$-24,$0,$-51,$707,$0,$707,$-214,$-214,$-83,$0,$410,$446,$0,$-83
7,2016-12-31,20.57,$1.87,10.98,$10.96,1.88,$4.61,4.46,$0.50,41.14,$4.63B,$5.29B,0.88,$2.79B,$0.90B,3.09,$5.42B,$2.15B,39.69%,$5.42B,$0.48B,8.90%,$5.42B,$0.48B,8.90%,$5.42B,$0.75B,13.77%,$5.42B,$0.34B,6.32%,$5.42B,$0.25B,4.68%,$0.25B,$0.90B,20.98%,$0.25B,$-2.92B,-9.62%,$0.25B,$9.42B,2.69%,$0.48B,$3.69B,11.16%,$1372,$846,$526,$0,$839,$1685,$-314,$-25,$-338,$17,$-355,$-355,$-355,$-248,$-314,$490,494,$-0.72,$-0.72,$878,$0,$0,$4627,$221,$0,$3826,$746,$4793,$9420,$5286,$2786,$359,$3231,$8517,$5,$419,$-163,$902,$9420,$253,$263,$-76,$187,$0,$0,$0,$-112,$601,$1042,$-123,$-107,$0,$0,$-41,$-41,$0,$-271,$-430,$0,$-430,$-467,$-467,$-312,$0,$-1209,$-438,$0,$-312
8,2016-09-30,19.57,$2.86,6.84,$10.85,1.8,$4.54,4.31,$1.65,11.86,$4.67B,$4.18B,1.12,$3.23B,$1.39B,2.32,$5.43B,$2.20B,40.43%,$5.43B,$1.08B,19.86%,$5.43B,$1.08B,19.86%,$5.43B,$1.35B,24.78%,$5.43B,$0.92B,16.90%,$5.43B,$0.82B,15.11%,$0.82B,$1.39B,61.43%,$0.82B,$-2.47B,-32.51%,$0.82B,$9.52B,8.69%,$1.08B,$4.61B,23.66%,$1378,$823,$555,$0,$277,$1100,$278,$-38,$240,$23,$217,$217,$217,$345,$278,$487,490,$0.45,$0.44,$1281,$0,$0,$4670,$224,$0,$3856,$769,$4849,$9519,$4182,$3225,$451,$3949,$8131,$5,$931,$-177,$1388,$9519,$608,$198,$62,$260,$0,$0,$0,$-22,$-46,$822,$-91,$-86,$0,$0,$-57,$-57,$0,$-234,$0,$0,$0,$-388,$-388,$-235,$0,$-623,$-35,$0,$-235
9,2016-06-30,17.89,$2.69,6.64,$10.77,1.66,$4.43,4.04,$1.66,10.78,$4.52B,$4.08B,1.11,$3.23B,$1.31B,2.46,$5.45B,$2.22B,40.77%,$5.45B,$1.11B,20.28%,$5.45B,$1.11B,20.28%,$5.45B,$1.38B,25.31%,$5.45B,$0.94B,17.29%,$5.45B,$0.84B,15.33%,$0.84B,$1.31B,63.03%,$0.84B,$-2.55B,-32.80%,$0.84B,$9.40B,8.78%,$1.11B,$4.54B,23.97%,$1376,$822,$554,$0,$294,$1115,$260,$-38,$223,$17,$206,$206,$206,$326,$260,$490,493,$0.42,$0.42,$1163,$0,$0,$4520,$222,$0,$3864,$790,$4875,$9395,$4083,$3229,$501,$3998,$8081,$5,$877,$-165,$1314,$9395,$391,$132,$42,$174,$0,$0,$0,$15,$-80,$486,$-49,$-60,$0,$0,$-48,$-48,$0,$-157,$0,$0,$0,$-324,$-324,$-157,$0,$-482,$-153,$0,$-157
10,2016-03-31,17.84,$2.52,7.08,$10.64,1.68,$4.35,4.1,$1.60,11.15,$4.49B,$4.13B,1.09,$3.23B,$1.24B,2.6,$5.46B,$2.25B,41.26%,$5.46B,$1.10B,20.09%,$5.46B,$1.10B,20.09%,$5.46B,$1.37B,25.05%,$5.46B,$0.93B,16.97%,$5.46B,$0.82B,15.00%,$0.82B,$1.24B,61.83%,$0.82B,$-2.62B,-31.89%,$0.82B,$9.42B,8.45%,$1.10B,$4.47B,23.16%,$1298,$779,$518,$0,$260,$1039,$259,$-41,$218,$32,$186,$186,$186,$324,$259,$500,503,$0.37,$0.37,$1160,$0,$0,$4486,$226,$0,$3860,$846,$4932,$9418,$4127,$3226,$550,$4052,$8179,$5,$828,$-179,$1239,$9418,$186,$66,$37,$102,$0,$0,$0,$-38,$-75,$213,$-28,$-20,$0,$0,$-15,$-15,$0,$-63,$0,$0,$0,$-226,$-226,$-79,$0,$-305,$-156,$0,$-79
11,2015-12-31,16.42,$2.80,5.87,$10.57,1.55,$4.33,3.79,$1.62,10.14,$4.63B,$4.13B,1.12,$3.22B,$1.41B,2.29,$5.48B,$2.28B,41.65%,$5.48B,$1.11B,20.24%,$5.48B,$1.11B,20.24%,$5.48B,$1.38B,25.16%,$5.48B,$0.94B,17.18%,$5.48B,$0.84B,15.26%,$0.84B,$1.41B,61.90%,$0.84B,$-2.46B,-32.69%,$0.84B,$9.45B,8.44%,$1.11B,$4.62B,22.69%,$1380,$811,$569,$0,$287,$1098,$282,$-45,$237,$25,$212,$212,$212,$351,$282,$513,517,$0.41,$0.42,$1316,$0,$0,$4625,$232,$0,$3869,$724,$4825,$9449,$4127,$3216,$429,$3918,$8044,$5,$977,$-144,$1405,$9449,$838,$270,$24,$294,$0,$0,$0,$-122,$-61,$1071,$-144,$-123,$0,$0,$-20,$-20,$0,$-286,$-500,$0,$-500,$-436,$-436,$-317,$0,$-1252,$-467,$0,$-317
12,2015-09-30,16.69,$2.66,6.27,$10.53,1.58,$4.29,3.89,$1.62,10.3,$4.78B,$4.22B,1.14,$3.48B,$1.35B,2.59,$5.51B,$2.29B,41.59%,$5.51B,$1.10B,20.02%,$5.51B,$1.10B,20.02%,$5.51B,$1.38B,24.94%,$5.51B,$0.94B,17.07%,$5.51B,$0.85B,15.36%,$0.85B,$1.35B,63.88%,$0.85B,$-2.56B,-32.59%,$0.85B,$9.82B,8.44%,$1.10B,$4.83B,22.12%,$1399,$817,$582,$0,$278,$1095,$305,$-39,$265,$33,$232,$232,$232,$379,$305,$510,513,$0.46,$0.45,$1414,$0,$0,$4784,$225,$0,$3906,$901,$5032,$9816,$4217,$3484,$454,$4252,$8469,$5,$912,$-126,$1347,$9816,$626,$201,$33,$234,$0,$0,$0,$-130,$-55,$804,$-96,$-111,$0,$0,$-111,$-111,$0,$-318,$-250,$0,$-250,$-367,$-367,$-239,$0,$-855,$-369,$0,$-239
13,2015-06-30,18.32,$2.55,7.18,$10.52,1.74,$4.22,4.35,$1.61,11.38,$5.12B,$4.26B,1.2,$3.73B,$1.31B,2.85,$5.56B,$2.31B,41.59%,$5.56B,$1.11B,20.03%,$5.56B,$1.11B,20.03%,$5.56B,$1.38B,24.78%,$5.56B,$0.95B,17.08%,$5.56B,$0.85B,15.28%,$0.85B,$1.31B,66.11%,$0.85B,$-2.63B,-32.05%,$0.85B,$10.06B,8.46%,$1.11B,$5.03B,22.23%,$1384,$799,$584,$0,$333,$1133,$251,$-44,$207,$18,$189,$189,$189,$314,$251,$515,520,$0.37,$0.36,$1631,$0,$0,$5121,$201,$0,$3937,$805,$4943,$10064,$4255,$3726,$466,$4501,$8756,$5,$884,$-124,$1307,$10064,$393,$127,$25,$152,$0,$0,$0,$-67,$-79,$466,$-48,$-75,$0,$0,$-100,$-100,$0,$-222,$0,$0,$0,$-236,$-236,$-160,$0,$-396,$-153,$0,$-160
14,2015-03-31,18.62,$2.61,7.13,$10.46,1.78,$4.15,4.49,$1.61,11.57,$5.23B,$4.24B,1.23,$3.73B,$1.35B,2.76,$5.58B,$2.31B,41.32%,$5.58B,$1.14B,20.44%,$5.58B,$1.14B,20.44%,$5.58B,$1.41B,25.28%,$5.58B,$0.97B,17.46%,$5.58B,$0.85B,15.31%,$0.85B,$1.35B,69.71%,$0.85B,$-2.59B,-31.44%,$0.85B,$10.35B,8.55%,$1.14B,$5.08B,23.01%,$1321,$772,$549,$0,$277,$1049,$272,$-40,$233,$29,$204,$204,$204,$336,$272,$521,525,$0.39,$0.39,$1755,$0,$0,$5227,$203,$0,$3941,$982,$5126,$10353,$4239,$3729,$719,$4765,$9003,$5,$932,$-78,$1350,$10353,$204,$64,$17,$81,$0,$0,$0,$-59,$-73,$212,$-27,$-17,$0,$0,$0,$0,$0,$-44,$0,$0,$0,$-115,$-115,$-81,$0,$-195,$-28,$0,$-81
15,2014-12-31,15.9,$2.49,6.38,$10.40,1.53,$4.10,3.88,$1.59,10.0,$5.10B,$4.08B,1.25,$3.72B,$1.30B,2.86,$5.61B,$2.31B,41.19%,$5.61B,$1.14B,20.33%,$5.61B,$1.14B,20.33%,$5.61B,$1.41B,25.20%,$5.61B,$0.97B,17.26%,$5.61B,$0.85B,15.21%,$0.85B,$1.30B,73.88%,$0.85B,$-2.62B,-30.43%,$0.85B,$9.89B,8.63%,$1.14B,$5.02B,23.20%,$1410,$832,$578,$0,$302,$1134,$276,$-40,$236,$14,$222,$222,$222,$346,$276,$533,537,$0.43,$0.42,$1783,$0,$0,$5097,$206,$0,$3917,$670,$4794,$9890,$4080,$3720,$484,$4510,$8590,$5,$969,$-119,$1300,$9890,$852,$272,$23,$295,$0,$0,$0,$-32,$-101,$1046,$-106,$-73,$-11,$0,$100,$100,$0,$-89,$-500,$0,$-500,$-481,$-481,$-265,$0,$-1246,$-290,$0,$-265
16,2014-09-30,14.14,$2.25,6.27,$10.32,1.37,$4.08,3.47,$1.48,9.55,$5.13B,$4.26B,1.2,$3.71B,$1.18B,3.15,$5.62B,$2.31B,41.07%,$5.62B,$1.10B,19.61%,$5.62B,$1.10B,19.61%,$5.62B,$1.37B,24.38%,$5.62B,$0.93B,16.46%,$5.62B,$0.80B,14.31%,$0.80B,$1.18B,72.71%,$0.80B,$-2.76B,-27.98%,$0.80B,$9.85B,8.09%,$1.10B,$4.89B,22.10%,$1441,$841,$600,$0,$286,$1127,$314,$-41,$273,$39,$234,$234,$234,$381,$314,$528,531,$0.44,$0.44,$1667,$0,$0,$5133,$206,$0,$3938,$569,$4713,$9847,$4263,$3714,$393,$4404,$8667,$5,$856,$-111,$1180,$9847,$631,$202,$8,$210,$0,$0,$0,$-12,$-66,$775,$-80,$-49,$-11,$0,$100,$100,$0,$-40,$-500,$0,$-500,$-441,$-441,$-200,$0,$-1141,$-406,$0,$-200
17,2014-06-30,15.17,$2.02,7.52,$10.14,1.5,$4.05,3.74,$1.43,10.61,$5.21B,$4.36B,1.2,$3.75B,$1.07B,3.51,$5.59B,$2.30B,41.14%,$5.59B,$1.08B,19.38%,$5.59B,$1.08B,19.38%,$5.59B,$1.35B,24.21%,$5.59B,$0.90B,16.18%,$5.59B,$0.78B,14.03%,$0.78B,$1.07B,73.05%,$0.78B,$-2.90B,-26.73%,$0.78B,$9.88B,7.87%,$1.08B,$4.82B,21.58%,$1406,$828,$578,$0,$300,$1127,$278,$-46,$232,$38,$194,$194,$194,$347,$278,$537,540,$0.36,$0.36,$1605,$0,$0,$5208,$209,$0,$3969,$489,$4666,$9875,$4359,$3754,$382,$4445,$8804,$5,$810,$-163,$1070,$9875,$397,$136,$32,$168,$0,$0,$0,$-5,$-114,$450,$-52,$-44,$-11,$0,$100,$100,$0,$-7,$-465,$0,$-465,$-312,$-312,$-134,$0,$-912,$-468,$0,$-134
18,2014-03-31,14.2,$1.98,7.17,$10.02,1.42,$4.06,3.5,$1.43,9.93,$5.21B,$4.31B,1.21,$3.84B,$1.07B,3.6,$5.57B,$2.30B,41.22%,$5.57B,$1.08B,19.43%,$5.57B,$1.08B,19.43%,$5.57B,$1.35B,24.23%,$5.57B,$0.90B,16.24%,$5.57B,$0.79B,14.17%,$0.79B,$1.07B,76.01%,$0.79B,$-2.94B,-26.35%,$0.79B,$9.92B,7.97%,$1.08B,$4.91B,21.75%,$1351,$797,$554,$0,$282,$1079,$272,$-45,$227,$24,$203,$203,$203,$339,$272,$546,549,$0.37,$0.37,$1694,$0,$0,$5210,$214,$0,$4004,$495,$4713,$9923,$4312,$3844,$392,$4543,$8855,$5,$827,$-170,$1068,$9923,$203,$67,$-5,$62,$0,$0,$0,$-13,$-68,$197,$-29,$-17,$-10,$0,$100,$100,$0,$44,$-370,$0,$-370,$-183,$-183,$-68,$0,$-620,$-379,$0,$-68
19,2013-12-31,14.86,$2.01,7.38,$9.88,1.5,$4.12,3.61,$1.43,10.39,$5.34B,$4.13B,1.3,$4.21B,$1.11B,3.81,$5.54B,$2.31B,41.63%,$5.54B,$1.11B,19.97%,$5.54B,$1.11B,19.97%,$5.54B,$1.37B,24.72%,$5.54B,$0.93B,16.73%,$5.54B,$0.80B,14.40%,$0.80B,$1.11B,79.76%,$0.80B,$-2.90B,-26.24%,$0.80B,$10.12B,8.18%,$1.11B,$5.32B,22.56%,$1422,$846,$576,$0,$338,$1184,$238,$-46,$193,$19,$173,$173,$173,$303,$238,$557,560,$0.31,$0.31,$2073,$0,$0,$5344,$210,$0,$4006,$562,$4778,$10121,$4126,$4213,$358,$4890,$9017,$6,$877,$-169,$1105,$10121,$798,$263,$14,$277,$0,$0,$0,$-71,$13,$1089,$-122,$-119,$0,$0,$-100,$-100,$0,$-341,$197,$0,$197,$-371,$-371,$-277,$0,$-451,$297,$0,$-277
20,2013-09-30,15.95,$1.90,8.38,$9.69,1.65,$4.19,3.8,$1.52,10.49,$5.15B,$4.20B,1.23,$3.97B,$1.05B,3.78,$5.55B,$2.34B,42.16%,$5.55B,$1.16B,20.83%,$5.55B,$1.16B,20.83%,$5.55B,$1.42B,25.52%,$5.55B,$0.98B,17.66%,$5.55B,$0.86B,15.56%,$0.86B,$1.05B,89.94%,$0.86B,$-2.99B,-27.88%,$0.86B,$9.94B,9.00%,$1.16B,$5.02B,23.96%,$1409,$818,$591,$0,$295,$1114,$295,$-44,$252,$37,$214,$214,$214,$364,$295,$552,556,$0.39,$0.39,$1743,$0,$0,$5151,$209,$0,$4044,$538,$4790,$9941,$4204,$3969,$373,$4687,$8891,$6,$832,$-165,$1050,$9941,$625,$198,$11,$208,$0,$0,$0,$-44,$-23,$811,$-97,$-69,$0,$0,$-100,$-100,$0,$-266,$-51,$0,$-51,$-319,$-319,$-209,$0,$-579,$-34,$0,$-209
21,2013-06-30,14.53,$1.68,8.63,$9.51,1.53,$4.22,3.44,$1.58,9.19,$4.86B,$4.22B,1.15,$3.72B,$0.93B,4.0,$5.56B,$2.37B,42.68%,$5.56B,$1.23B,22.06%,$5.56B,$1.23B,22.06%,$5.56B,$1.48B,26.59%,$5.56B,$1.05B,18.91%,$5.56B,$0.92B,16.53%,$0.92B,$0.93B,93.42%,$0.92B,$-3.15B,-29.95%,$0.92B,$9.59B,9.73%,$1.23B,$4.65B,26.03%,$1386,$812,$574,$0,$297,$1109,$277,$-45,$232,$34,$199,$199,$199,$343,$277,$556,558,$0.36,$0.36,$1395,$0,$0,$4858,$204,$0,$4074,$454,$4731,$9589,$4215,$3717,$378,$4446,$8661,$6,$707,$-138,$929,$9589,$411,$129,$8,$137,$0,$0,$0,$-41,$-70,$478,$-65,$-42,$0,$0,$0,$0,$0,$-107,$-300,$0,$-300,$-312,$-312,$-140,$0,$-752,$-381,$0,$-140
22,2013-03-31,12.67,$1.64,7.73,$9.35,1.36,$4.14,3.06,$1.66,7.63,$4.74B,$4.07B,1.16,$3.73B,$0.92B,4.06,$5.60B,$2.43B,43.34%,$5.60B,$1.30B,23.14%,$5.60B,$1.30B,23.14%,$5.60B,$1.54B,27.51%,$5.60B,$1.13B,20.17%,$5.60B,$0.99B,17.71%,$0.99B,$0.92B,97.66%,$0.99B,$-3.12B,-32.73%,$0.99B,$9.36B,10.61%,$1.30B,$4.64B,27.38%,$1325,$759,$566,$0,$269,$1029,$297,$-47,$250,$38,$212,$212,$212,$360,$297,$568,570,$0.37,$0.37,$1417,$0,$0,$4736,$199,$0,$4042,$385,$4625,$9362,$4072,$3727,$291,$4372,$8444,$6,$703,$-134,$918,$9362,$212,$63,$9,$72,$0,$0,$0,$-18,$-47,$237,$-26,$-12,$0,$0,$0,$0,$0,$-38,$-300,$0,$-300,$-189,$-189,$-70,$0,$-559,$-359,$0,$-70
23,2012-12-31,11.37,$1.64,6.92,$9.26,1.23,$4.08,2.79,$1.69,6.73,$4.89B,$3.89B,1.26,$4.03B,$0.94B,4.28,$5.67B,$2.47B,43.60%,$5.67B,$1.33B,23.50%,$5.67B,$1.33B,23.50%,$5.67B,$1.58B,27.82%,$5.67B,$1.17B,20.64%,$5.67B,$1.03B,18.11%,$1.03B,$0.94B,99.90%,$1.03B,$-3.12B,-34.01%,$1.03B,$9.47B,11.04%,$1.33B,$4.97B,28.20%,$1425,$817,$607,$0,$321,$1139,$286,$-41,$245,$7,$238,$238,$238,$348,$286,$605,607,$0.41,$0.40,$1777,$0,$0,$4891,$196,$0,$4059,$320,$4575,$9466,$3889,$4029,$255,$4636,$8525,$6,$755,$-153,$941,$9466,$1026,$246,$42,$288,$0,$0,$0,$-58,$-129,$1185,$-93,$-175,$10,$0,$0,$0,$0,$-258,$446,$0,$446,$-713,$-713,$-254,$0,$-522,$406,$0,$-254
24,2012-09-30,15.08,$1.92,7.87,$9.17,1.64,$4.03,3.74,$2.02,7.47,$4.76B,$4.14B,1.15,$3.43B,$1.15B,2.99,$5.67B,$2.50B,44.12%,$5.67B,$1.40B,24.74%,$5.67B,$1.40B,24.74%,$5.67B,$1.64B,28.95%,$5.67B,$1.28B,22.52%,$5.67B,$1.24B,21.87%,$1.24B,$1.15B,122.11%,$1.24B,$-2.89B,-40.99%,$1.24B,$9.36B,13.48%,$1.40B,$4.58B,30.52%,$1422,$796,$625,$0,$260,$1056,$366,$-42,$324,$54,$270,$270,$270,$427,$366,$602,604,$0.45,$0.45,$1433,$0,$0,$4760,$197,$0,$4034,$365,$4596,$9355,$4139,$3433,$259,$4069,$8208,$6,$940,$-125,$1147,$9355,$788,$184,$38,$222,$0,$0,$0,$-57,$-150,$860,$-66,$-117,$19,$0,$0,$0,$0,$-164,$-147,$0,$-147,$-364,$-364,$-122,$0,$-634,$62,$0,$-122
25,2012-06-30,13.86,$1.74,7.96,$9.07,1.53,$4.05,3.42,$1.95,7.11,$4.51B,$3.79B,1.19,$3.67B,$1.05B,3.49,$5.66B,$2.49B,43.96%,$5.66B,$1.40B,24.73%,$5.66B,$1.40B,24.73%,$5.66B,$1.62B,28.69%,$5.66B,$1.27B,22.39%,$5.66B,$1.21B,21.38%,$1.21B,$1.05B,141.64%,$1.21B,$-2.98B,-42.00%,$1.21B,$9.17B,13.35%,$1.40B,$4.73B,30.62%,$1425,$798,$628,$0,$282,$1079,$346,$-36,$310,$39,$271,$271,$271,$405,$346,$611,613,$0.44,$0.44,$1404,$0,$0,$4507,$196,$0,$4036,$427,$4659,$9166,$3789,$3673,$262,$4324,$8113,$6,$843,$-107,$1053,$9166,$519,$123,$1,$124,$0,$0,$0,$-41,$-197,$446,$-43,$-78,$-5,$0,$0,$0,$0,$-126,$93,$0,$93,$-257,$-257,$-122,$0,$-287,$33,$0,$-122
26,2012-03-31,14.4,$1.58,9.14,$8.90,1.62,$4.14,3.48,$1.92,7.5,$4.58B,$3.94B,1.16,$3.63B,$0.97B,3.76,$5.60B,$2.46B,43.96%,$5.60B,$1.41B,25.08%,$5.60B,$1.41B,25.08%,$5.60B,$1.62B,28.85%,$5.60B,$1.29B,23.03%,$5.60B,$1.20B,21.46%,$1.20B,$0.97B,175.28%,$1.20B,$-3.08B,-43.81%,$1.20B,$9.20B,13.70%,$1.41B,$4.60B,32.06%,$1393,$783,$610,$0,$278,$1061,$333,$-42,$290,$43,$247,$247,$247,$396,$333,$619,622,$0.40,$0.40,$1396,$0,$0,$4581,$196,$0,$4045,$376,$4617,$9198,$3943,$3634,$262,$4287,$8230,$6,$795,$-133,$967,$9198,$247,$64,$2,$66,$0,$0,$0,$-22,$-98,$215,$-20,$-56,$0,$0,$0,$0,$0,$-76,$53,$0,$53,$-106,$-106,$-62,$0,$-114,$25,$0,$-62
27,2011-12-31,14.86,$1.44,10.28,$8.62,1.72,$4.19,3.54,$1.84,8.07,$4.46B,$3.93B,1.14,$3.58B,$0.90B,4.0,$5.49B,$2.39B,43.53%,$5.49B,$1.39B,25.22%,$5.49B,$1.39B,25.22%,$5.49B,$1.58B,28.74%,$5.49B,$1.28B,23.22%,$5.49B,$1.17B,21.22%,$1.17B,$0.90B,226.65%,$1.17B,$-3.15B,-45.70%,$1.17B,$9.07B,13.79%,$1.39B,$4.48B,32.99%,$1431,$792,$639,$0,$281,$1073,$358,$-6,$353,$-100,$452,$452,$452,$414,$358,$631,634,$0.73,$0.73,$1371,$0,$0,$4462,$198,$0,$4046,$363,$4608,$9070,$3929,$3583,$274,$4247,$8175,$6,$760,$-119,$895,$9070,$1165,$193,$1,$194,$0,$0,$0,$-79,$-184,$1175,$-66,$-97,$-1198,$0,$0,$0,$0,$-1360,$297,$0,$297,$-704,$-704,$-194,$0,$-601,$-787,$0,$-194
28,2011-09-30,12.38,$0.81,15.28,$8.39,1.48,$3.81,3.25,$1.48,8.37,$5.43B,$3.81B,1.43,$3.98B,$0.50B,7.94,$5.42B,$2.33B,42.92%,$5.42B,$1.35B,24.90%,$5.42B,$1.35B,24.90%,$5.42B,$1.53B,28.28%,$5.42B,$1.21B,22.34%,$5.42B,$0.96B,17.65%,$0.96B,$0.50B,219.27%,$0.96B,$-2.31B,-42.24%,$0.96B,$8.82B,11.71%,$1.35B,$4.49B,33.34%,$1411,$800,$611,$0,$248,$1048,$363,$-49,$314,$74,$240,$240,$240,$409,$363,$625,627,$0.38,$0.38,$2671,$0,$0,$5428,$194,$0,$2814,$384,$3392,$8820,$3805,$3983,$236,$4513,$8318,$6,$357,$-95,$502,$8820,$713,$137,$-7,$130,$0,$0,$0,$-50,$40,$883,$-48,$-76,$-137,$0,$0,$0,$0,$-261,$697,$0,$697,$-710,$-710,$-95,$0,$-108,$514,$0,$-95
29,2011-06-30,16.14,$0.60,26.71,$8.16,1.98,$3.46,4.66,$1.46,11.05,$4.68B,$3.49B,1.34,$3.59B,$0.38B,9.46,$5.34B,$2.29B,42.93%,$5.34B,$1.34B,25.06%,$5.34B,$1.34B,25.06%,$5.34B,$1.52B,28.47%,$5.34B,$1.21B,22.58%,$5.34B,$0.95B,17.88%,$0.95B,$0.38B,227.14%,$0.95B,$-2.43B,-42.82%,$0.95B,$8.01B,12.15%,$1.34B,$3.97B,34.65%,$1366,$764,$602,$0,$251,$1016,$351,$-17,$333,$70,$263,$263,$263,$397,$351,$631,636,$0.42,$0.41,$2090,$0,$0,$4675,$196,$0,$2813,$326,$3335,$8010,$3492,$3586,$265,$4138,$7630,$6,$308,$-157,$379,$8010,$473,$91,$-26,$66,$0,$0,$0,$-27,$-33,$506,$-31,$-45,$-136,$0,$0,$0,$0,$-211,$299,$0,$299,$-567,$-567,$-95,$0,$-363,$-68,$0,$-95
30,2011-03-31,16.67,$0.44,37.65,$7.90,2.11,$3.15,5.28,$1.38,12.08,$4.75B,$3.47B,1.37,$3.58B,$0.28B,12.78,$5.24B,$2.24B,42.63%,$5.24B,$1.30B,24.74%,$5.24B,$1.30B,24.74%,$5.24B,$1.48B,28.17%,$5.24B,$1.14B,21.82%,$5.24B,$0.91B,17.39%,$0.91B,$0.28B,214.46%,$0.91B,$-2.30B,-41.90%,$0.91B,$7.89B,11.87%,$1.30B,$3.86B,34.21%,$1283,$745,$538,$0,$225,$970,$313,$-38,$275,$65,$210,$210,$210,$358,$313,$647,652,$0.32,$0.32,$2216,$0,$0,$4749,$194,$0,$2580,$364,$3138,$7888,$3473,$3583,$277,$4134,$7607,$6,$230,$-153,$280,$7888,$210,$45,$-7,$38,$0,$0,$0,$-17,$4,$252,$-15,$-7,$0,$0,$0,$0,$0,$-22,$300,$0,$300,$-426,$-426,$-45,$0,$-171,$58,$0,$-45
31,2010-12-31,14.85,$0.89,16.67,$7.74,1.92,$2.88,5.15,$1.36,10.92,$4.79B,$3.51B,1.37,$3.29B,$0.58B,5.65,$5.19B,$2.22B,42.65%,$5.19B,$1.30B,25.03%,$5.19B,$1.30B,25.03%,$5.19B,$1.48B,28.44%,$5.19B,$1.15B,22.05%,$5.19B,$0.91B,17.52%,$0.91B,$0.58B,202.00%,$0.91B,$-2.01B,-42.04%,$0.91B,$7.93B,12.18%,$1.30B,$3.87B,35.30%,$1357,$784,$574,$0,$251,$1035,$322,$-34,$288,$46,$243,$243,$243,$368,$322,$667,669,$0.38,$0.37,$2157,$0,$0,$4793,$197,$0,$2590,$350,$3137,$7929,$3512,$3290,$255,$3834,$7347,$7,$592,$-133,$583,$7929,$910,$176,$67,$242,$0,$0,$0,$-9,$-158,$994,$-79,$-35,$-5,$0,$37,$37,$17,$-65,$247,$0,$247,$-539,$-539,$-165,$0,$-458,$472,$0,$-165
32,2010-09-30,14.08,$0.67,21.1,$7.58,1.86,$3.15,4.47,$1.31,10.75,$4.39B,$3.33B,1.32,$3.30B,$0.44B,7.53,$5.15B,$2.19B,42.56%,$5.15B,$1.30B,25.18%,$5.15B,$1.30B,25.18%,$5.15B,$1.47B,28.54%,$5.15B,$1.14B,22.16%,$5.15B,$0.89B,17.30%,$0.89B,$0.44B,226.57%,$0.89B,$-2.17B,-39.91%,$0.89B,$7.57B,12.16%,$1.30B,$3.73B,36.38%,$1330,$753,$577,$0,$226,$978,$351,$-43,$309,$70,$238,$238,$238,$396,$351,$659,661,$0.36,$0.36,$1997,$0,$0,$4390,$195,$0,$2608,$377,$3180,$7570,$3331,$3297,$250,$3801,$7133,$7,$465,$-122,$438,$7570,$667,$131,$19,$150,$0,$0,$0,$17,$-107,$710,$-60,$-28,$-2,$0,$0,$0,$17,$-73,$247,$0,$247,$-492,$-492,$-80,$0,$-325,$312,$29,$-80
33,2010-06-30,11.84,$0.60,19.6,$7.45,1.59,$3.46,3.42,$1.21,9.78,$4.09B,$3.12B,1.31,$3.30B,$0.40B,8.25,$5.13B,$2.19B,42.60%,$5.13B,$1.23B,23.92%,$5.13B,$1.23B,23.92%,$5.13B,$1.39B,27.15%,$5.13B,$1.08B,21.02%,$5.13B,$0.83B,16.24%,$0.83B,$0.40B,228.02%,$0.83B,$-2.23B,-36.72%,$0.83B,$7.35B,11.93%,$1.23B,$3.70B,35.32%,$1273,$728,$546,$0,$235,$962,$311,$-39,$272,$51,$221,$221,$221,$355,$311,$669,672,$0.33,$0.33,$1747,$0,$0,$4088,$196,$0,$2628,$435,$3260,$7348,$3116,$3297,$259,$3832,$6948,$7,$365,$-45,$400,$7348,$429,$86,$16,$101,$0,$0,$0,$46,$-204,$326,$-31,$-13,$0,$0,$0,$0,$17,$-27,$248,$0,$248,$-405,$-405,$-80,$0,$-238,$62,$21,$-80
34,2010-03-31,13.42,$0.56,23.78,$7.33,1.83,$3.84,3.5,$1.19,11.27,$3.82B,$3.07B,1.24,$3.05B,$0.38B,8.01,$5.12B,$2.20B,42.91%,$5.12B,$1.26B,24.61%,$5.12B,$1.26B,24.61%,$5.12B,$1.42B,27.72%,$5.12B,$1.10B,21.56%,$5.12B,$0.83B,16.29%,$0.83B,$0.38B,247.00%,$0.83B,$-2.25B,-37.76%,$0.83B,$7.04B,12.59%,$1.26B,$3.43B,37.18%,$1233,$715,$518,$0,$202,$917,$316,$-40,$276,$68,$208,$208,$208,$358,$316,$682,684,$0.30,$0.30,$1530,$0,$0,$3817,$196,$0,$2632,$395,$3224,$7041,$3071,$3048,$260,$3590,$6660,$7,$401,$-86,$381,$7041,$208,$42,$14,$56,$0,$0,$0,$48,$-190,$74,$-11,$-4,$0,$0,$0,$0,$17,$2,$0,$0,$0,$-192,$-192,$-41,$0,$-232,$-155,$10,$-41
35,2009-12-31,14.86,$0.51,28.86,$7.23,2.06,$4.23,3.51,$1.21,12.28,$4.07B,$3.41B,1.2,$3.05B,$0.35B,8.62,$5.08B,$2.21B,43.46%,$5.08B,$1.28B,25.26%,$5.08B,$1.28B,25.26%,$5.08B,$1.44B,28.27%,$5.08B,$1.13B,22.27%,$5.08B,$0.85B,16.70%,$0.85B,$0.35B,313.86%,$0.85B,$-2.28B,-38.97%,$0.85B,$7.35B,13.54%,$1.28B,$3.40B,38.65%,$1314,$763,$551,$0,$233,$995,$319,$-35,$284,$60,$224,$224,$224,$361,$319,$699,701,$0.32,$0.32,$1685,$0,$0,$4074,$204,$0,$2633,$442,$3279,$7353,$3409,$3049,$273,$3591,$7000,$7,$433,$-127,$354,$7353,$849,$154,$55,$209,$0,$0,$0,$-54,$160,$1218,$-72,$-27,$-516,$0,$256,$256,$35,$-324,$-86,$0,$-86,$-377,$-377,$-41,$0,$-504,$390,$32,$-41
36,2009-09-30,14.87,$0.47,31.54,$7.10,2.09,$4.20,3.54,$1.23,12.09,$2.88B,$2.28B,1.26,$3.05B,$0.33B,9.32,$5.06B,$2.20B,43.47%,$5.06B,$1.30B,25.67%,$5.06B,$1.30B,25.67%,$5.06B,$1.45B,28.59%,$5.06B,$1.15B,22.78%,$5.06B,$0.87B,17.09%,$0.87B,$0.33B,480.56%,$0.87B,$-2.33B,-40.86%,$0.87B,$6.21B,14.85%,$1.30B,$3.38B,39.90%,$1314,$743,$572,$0,$290,$1033,$282,$-35,$247,$66,$181,$181,$181,$320,$282,$698,702,$0.26,$0.26,$1625,$0,$0,$2882,$198,$0,$2652,$482,$3333,$6214,$2280,$3052,$278,$3607,$5887,$7,$426,$-128,$328,$6214,$625,$112,$39,$151,$0,$0,$0,$-37,$182,$958,$-49,$-18,$-515,$0,$235,$235,$17,$-330,$-86,$0,$-86,$-213,$-213,$0,$0,$-299,$330,$25,$0
37,2009-06-30,12.89,$0.41,31.65,$7.10,1.82,$4.08,3.16,$1.30,9.91,$3.00B,$2.04B,1.47,$3.05B,$0.29B,10.68,$5.12B,$2.22B,43.33%,$5.12B,$1.39B,27.17%,$5.12B,$1.39B,27.17%,$5.12B,$1.54B,30.05%,$5.12B,$1.24B,24.18%,$5.12B,$0.93B,18.05%,$0.93B,$0.29B,1225.17%,$0.93B,$-1.97B,-44.92%,$0.93B,$5.86B,16.38%,$1.39B,$3.34B,44.08%,$1254,$700,$554,$0,$212,$913,$342,$-46,$296,$76,$220,$220,$220,$379,$342,$701,703,$0.31,$0.31,$1782,$0,$0,$3002,$194,$0,$2255,$408,$2857,$5859,$2042,$3050,$222,$3532,$5574,$7,$373,$-102,$286,$5859,$444,$73,$45,$118,$0,$0,$0,$1,$45,$606,$-34,$-6,$-145,$0,$235,$235,$11,$61,$-86,$0,$-86,$-94,$-94,$0,$0,$-180,$487,$16,$0
38,2009-03-31,9.88,$0.16,60.82,$7.12,1.39,$3.96,2.49,$1.30,7.6,$2.69B,$2.02B,1.33,$3.06B,$0.11B,26.84,$5.22B,$2.21B,42.44%,$5.22B,$1.39B,26.57%,$5.22B,$1.39B,26.57%,$5.22B,$1.53B,29.40%,$5.22B,$1.25B,23.98%,$5.22B,$0.94B,17.96%,$0.94B,$0.11B,8923.81%,$0.94B,$-2.14B,-45.53%,$0.94B,$5.65B,16.47%,$1.39B,$3.17B,43.68%,$1201,$669,$532,$0,$191,$860,$341,$-36,$305,$81,$224,$224,$224,$377,$341,$707,708,$0.32,$0.32,$1510,$0,$0,$2692,$192,$0,$2255,$515,$2962,$5654,$2024,$3057,$189,$3516,$5540,$7,$153,$-45,$114,$5654,$224,$36,$22,$58,$0,$0,$0,$14,$75,$357,$-13,$-3,$-144,$0,$194,$194,$5,$40,$-86,$0,$-86,$-96,$-96,$0,$0,$-182,$214,$8,$0
39,2008-12-31,11.27,$-0.01,-988.37,$7.09,1.59,$3.88,2.91,$1.25,9.01,$2.50B,$1.98B,1.27,$3.14B,$-0.01B,-388.09,$5.28B,$2.19B,41.44%,$5.28B,$1.35B,25.63%,$5.28B,$1.35B,25.63%,$5.28B,$1.50B,28.38%,$5.28B,$1.24B,23.46%,$5.28B,$0.92B,17.42%,$0.92B,$-0.01B,-5661.54%,$0.92B,$-2.03B,-45.71%,$0.92B,$5.58B,15.95%,$1.35B,$3.14B,41.96%,$1292,$749,$542,$0,$208,$957,$334,$-29,$305,$66,$240,$240,$240,$371,$334,$730,738,$0.34,$0.33,$1296,$0,$0,$2503,$192,$0,$2025,$858,$3075,$5578,$1975,$3144,$198,$3612,$5586,$7,$29,$-30,$-8,$5578,$919,$144,$85,$229,$0,$0,$0,$-21,$106,$1254,$-71,$-83,$-43,$0,$-298,$-298,$41,$-454,$-255,$0,$-255,$-1014,$-1014,$-28,$0,$-1298,$-498,$26,$-28
40,2008-09-30,19.33,$-0.13,-153.65,$7.04,2.75,$3.56,5.43,$1.23,15.71,$2.42B,$2.10B,1.15,$3.08B,$-0.09B,-34.17,$5.30B,$2.20B,41.57%,$5.30B,$1.39B,26.14%,$5.30B,$1.39B,26.14%,$5.30B,$1.52B,28.76%,$5.30B,$1.27B,23.95%,$5.30B,$0.92B,17.42%,$0.92B,$-0.09B,-61533.33%,$0.92B,$-2.09B,-46.49%,$0.92B,$5.50B,15.86%,$1.39B,$2.99B,42.09%,$1377,$786,$592,$0,$217,$1002,$375,$-42,$333,$92,$241,$241,$241,$413,$375,$725,737,$0.33,$0.33,$1130,$0,$0,$2422,$195,$0,$2004,$884,$3082,$5504,$2103,$3083,$121,$3492,$5594,$7,$-73,$1,$-90,$5504,$679,$107,$49,$156,$0,$0,$0,$-77,$90,$925,$-56,$-69,$-18,$0,$-298,$-298,$18,$-423,$-256,$0,$-256,$-909,$-909,$0,$0,$-1165,$-664,$0,$0
41,2008-06-30,19.37,$0.03,556.55,$6.81,2.85,$3.42,5.67,$1.18,16.41,$3.32B,$2.16B,1.54,$3.37B,$0.03B,132.11,$5.18B,$2.15B,41.44%,$5.18B,$1.34B,25.87%,$5.18B,$1.34B,25.87%,$5.18B,$1.47B,28.42%,$5.18B,$1.24B,24.00%,$5.18B,$0.90B,17.34%,$0.90B,$0.03B,-5793.55%,$0.90B,$-1.96B,-45.23%,$0.90B,$6.02B,15.31%,$1.34B,$3.39B,40.31%,$1347,$799,$548,$0,$212,$1011,$336,$-28,$308,$77,$232,$232,$232,$373,$336,$737,748,$0.31,$0.31,$1875,$0,$0,$3317,$200,$0,$1990,$518,$2707,$6024,$2160,$3369,$198,$3839,$5999,$7,$210,$-78,$26,$6024,$439,$69,$26,$95,$0,$0,$0,$-39,$27,$560,$-40,$-41,$0,$0,$0,$0,$13,$-68,$31,$0,$31,$-442,$-442,$0,$0,$-411,$82,$14,$0
42,2008-03-31,16.66,$0.01,1666.47,$6.55,2.54,$3.27,5.1,$1.13,14.75,$3.28B,$2.11B,1.56,$3.38B,$0.01B,456.66,$5.04B,$2.11B,41.97%,$5.04B,$1.33B,26.36%,$5.04B,$1.33B,26.36%,$5.04B,$1.45B,28.86%,$5.04B,$1.23B,24.49%,$5.04B,$0.87B,17.30%,$0.87B,$0.01B,-2002.30%,$0.87B,$-1.96B,-43.59%,$0.87B,$5.97B,15.30%,$1.33B,$3.39B,40.92%,$1266,$759,$507,$0,$198,$957,$309,$-17,$293,$85,$207,$207,$207,$342,$309,$747,757,$0.28,$0.27,$1895,$0,$0,$3278,$198,$0,$1967,$530,$2695,$5973,$2108,$3379,$213,$3858,$5965,$7,$363,$-91,$7,$5973,$207,$33,$12,$45,$0,$0,$0,$-28,$66,$318,$-16,$-7,$0,$0,$0,$0,$5,$-18,$-11,$50,$39,$-236,$-236,$0,$0,$-197,$102,$8,$0
43,2007-12-31,19.02,$0.07,281.41,$6.32,3.01,$3.20,5.95,$1.11,17.14,$3.11B,$1.95B,1.6,$3.34B,$0.05B,65.84,$4.90B,$2.09B,42.67%,$4.90B,$1.32B,27.00%,$4.90B,$1.32B,27.00%,$4.90B,$1.45B,29.51%,$4.90B,$1.22B,24.94%,$4.90B,$0.86B,17.49%,$0.86B,$0.05B,-971.10%,$0.86B,$-1.92B,-42.15%,$0.86B,$5.78B,15.48%,$1.32B,$3.39B,41.70%,$1309,$753,$556,$0,$192,$945,$365,$-29,$335,$92,$243,$243,$243,$396,$365,$760,773,$0.32,$0.32,$1793,$0,$0,$3112,$200,$0,$1974,$498,$2672,$5784,$1949,$3338,$183,$3785,$5734,$8,$453,$-69,$51,$5784,$857,$124,$69,$193,$0,$0,$0,$-5,$53,$1104,$-111,$-81,$0,$0,$-36,$-36,$26,$-202,$14,$-3,$11,$-511,$-511,$-30,$0,$-530,$371,$50,$-30
44,2007-09-30,16.4,$-0.20,-84.02,$6.15,2.67,$3.25,5.04,$1.07,15.33,$3.08B,$2.07B,1.49,$3.27B,$-0.15B,-22.35,$4.76B,$2.06B,43.18%,$4.76B,$1.29B,27.14%,$4.76B,$1.29B,27.14%,$4.76B,$1.41B,29.68%,$4.76B,$1.19B,25.06%,$4.76B,$0.83B,17.44%,$0.83B,$-0.15B,-462.31%,$0.83B,$-2.09B,-39.29%,$0.83B,$5.69B,15.33%,$1.29B,$3.13B,42.01%,$1257,$722,$535,$0,$205,$927,$330,$-23,$307,$91,$216,$216,$216,$361,$330,$758,767,$0.29,$0.28,$1669,$0,$0,$3081,$199,$0,$1948,$458,$2605,$5685,$2069,$3273,$179,$3763,$5832,$8,$776,$-88,$-146,$5685,$614,$92,$69,$162,$0,$0,$0,$12,$108,$883,$-86,$-36,$0,$0,$0,$0,$10,$-112,$-50,$-3,$-53,$-471,$-471,$0,$0,$-524,$247,$46,$0
