,Date,Stock Price,Book Value per Share,Price to Book Ratio,TTM Sales per Share,Price to Sales Ratio,TTM FCF per Share,Price to FCF Ratio,TTM Net EPS,PE Ratio,Current Assets,Current Liabilities,Current Ratio,Long Term Debt,Shareholder's Equity_x,Debt to Equity Ratio,TTM Revenue_x,TTM Gross Profit,Gross Margin,TTM Revenue_y,TTM Operating Income,Operating Margin,TTM Revenue_x,TTM EBIT,EBIT Margin,TTM Revenue_y,TTM EBITDA,EBITDA Margin,TTM Revenue_x,TTM Pre-Tax Income,Pre-Tax Margin,TTM Revenue_y,TTM Net Income_x,Net Margin,TTM Net Income_y,Shareholder's Equity_y,Return on Equity,TTM Net Income_x,Tangible Equity,Return on Tangible Equity,TTM Net Income_y,Total Assets,Return on Assets,TTM Net Income,LT Investments & Debt,Return on Investment,revenue,cost-goods-sold,gross-profit,research-development-expenses,selling-general-administrative-expenses,operating-expenses,operating-income,total-non-operating-income-expense,pre-tax-income,total-provision-income-taxes,income-after-taxes,income-from-continuous-operations,net-income,ebitda,ebit,basic-shares-outstanding,shares-outstanding,eps-basic-net-earnings-per-share,eps-earnings-per-share-diluted,cash-on-hand,inventory,other-current-assets,total-current-assets,net-property-plant-equipment,long-term-investments,goodwill-intangible-assets-total,other-long-term-assets,total-long-term-assets,total-assets,total-current-liabilities,long-term-debt,other-non-current-liabilities,total-long-term-liabilities,total-liabilities,common-stock-net,retained-earnings-accumulated-deficit,comprehensive-income,total-share-holder-equity,total-liabilities-share-holders-equity,net-income-loss,total-depreciation-amortization-cash-flow,other-non-cash-items,total-non-cash-items,change-in-accounts-receivable,change-in-inventories,change-in-accounts-payable,change-in-assets-liabilities,total-change-in-assets-liabilities,cash-flow-from-operating-activities,net-change-in-property-plant-equipment,net-change-in-intangible-assets,net-acquisitions-divestitures,net-change-in-short-term-investments,net-change-in-long-term-investments,net-change-in-investments-total,investing-activities-other,cash-flow-from-investing-activities,net-long-term-debt,net-current-debt,debt-issuance-retirement-net-total,net-common-equity-issued-repurchased,net-total-equity-issued-repurchased,total-common-preferred-stock-dividends-paid,financial-activities-other,cash-flow-from-financial-activities,net-cash-flow,stock-based-compensation,common-stock-dividends-paid
0,2018-09-30,50.0,$3.89,12.85,$0.41,123.21,$-3.72,0.0,$-4.86,0.0,$0.23B,$0.13B,1.85,$0.01B,$0.11B,0.08,$0.01B,$0.01B,100.00%,$0.01B,$-0.14B,-1290.91%,$0.01B,$-0.14B,-1290.91%,$0.01B,$-0.14B,-1263.64%,$0.01B,$-0.14B,-1272.73%,$0.01B,$-0.14B,-1272.73%,$-0.14B,$0.11B,-106.46%,$-0.14B,$0.11B,-106.46%,$-0.14B,$0.33B,-55.39%,$-0.14B,$0.12B,-103.27%,$4,$0,$4,$33,$10,$43,$-38,$1,$-38,$0,$-38,$-38,$-38,$-37,$-38,$29,29,$-1.28,$-1.28,$210,$0,$0,$233,$38,$0,$0,$4,$91,$325,$126,$8,$1,$84,$210,$375,$-302,$0,$114,$325,$-109,$3,$13,$16,$-59,$0,$3,$158,$103,$10,$-6,$0,$0,$0,$0,$0,$0,$-6,$-0,$0,$-0,$64,$64,$0,$0,$64,$68,$12,$0
1,2018-06-30,38.25,$5.02,7.61,$0.30,127.5,$-6.57,0.0,$-4.52,0.0,$0.27B,$0.04B,6.11,$0.01B,$0.14B,0.05,$0.01B,$0.01B,100.00%,$0.01B,$-0.13B,-1625.00%,$0.01B,$-0.13B,-1625.00%,$0.01B,$-0.13B,-1600.00%,$0.01B,$-0.13B,-1600.00%,$0.01B,$-0.13B,-1587.50%,$-0.13B,$0.15B,-86.69%,$-0.13B,$0.15B,-86.69%,$-0.13B,$0.35B,-57.21%,$-0.13B,$0.15B,-86.24%,$5,$0,$5,$33,$9,$41,$-37,$1,$-36,$0,$-36,$-36,$-36,$-36,$-37,$29,29,$-1.23,$-1.23,$241,$0,$0,$268,$32,$0,$0,$4,$86,$354,$44,$6,$2,$163,$207,$373,$-264,$0,$147,$354,$-71,$2,$9,$11,$-64,$0,$-0,$164,$99,$39,$-3,$0,$0,$0,$0,$0,$0,$-3,$-0,$0,$-0,$63,$63,$0,$0,$63,$99,$8,$0
2,2018-03-31,40.1,$4.21,9.52,$0.17,231.29,$-9.54,0.0,$-4.21,0.0,$0.12B,$0.02B,7.24,$0.00B,$0.11B,0.04,$0.00B,$0.00B,100.00%,$0.00B,$-0.12B,-2950.00%,$0.00B,$-0.12B,-2950.00%,$0.00B,$-0.12B,-2900.00%,$0.00B,$-0.12B,-2900.00%,$0.00B,$-0.12B,-2900.00%,$-0.12B,$0.12B,-72.96%,$-0.12B,$0.12B,-72.96%,$-0.12B,$0.15B,-61.05%,$-0.12B,$0.12B,-72.84%,$1,$0,$1,$29,$8,$37,$-36,$1,$-35,$0,$-35,$-35,$-35,$-35,$-36,$28,28,$-1.26,$-1.26,$110,$0,$0,$118,$29,$0,$0,$4,$32,$150,$16,$4,$2,$16,$32,$312,$-228,$0,$118,$150,$-35,$1,$5,$6,$0,$0,$0,$-1,$-3,$-32,$-1,$0,$0,$0,$0,$0,$0,$-1,$-0,$0,$-0,$2,$2,$0,$0,$2,$-32,$4,$0
3,2017-12-31,35.1,$5.30,6.62,$0.14,253.04,$-9.23,0.0,$-3.84,0.0,$0.15B,$0.02B,8.27,$0.00B,$0.14B,0.02,$0.00B,$0.00B,100.00%,$0.00B,$-0.10B,-3400.00%,$0.00B,$-0.10B,-3400.00%,$0.00B,$-0.10B,-3366.67%,$0.00B,$-0.10B,-3366.67%,$0.00B,$-0.10B,-3400.00%,$-0.10B,$0.15B,-63.45%,$-0.10B,$0.15B,-63.45%,$-0.10B,$0.18B,-53.54%,$-0.10B,$0.15B,-62.58%,$1,$0,$1,$25,$7,$32,$-31,$0,$-31,$-0,$-31,$-31,$-31,$-31,$-31,$27,27,$-1.12,$-1.12,$143,$0,$0,$150,$27,$0,$0,$4,$31,$182,$18,$3,$2,$16,$34,$310,$-193,$0,$147,$182,$-102,$2,$17,$19,$0,$0,$4,$-9,$-0,$-84,$-19,$0,$0,$0,$0,$0,$-0,$-19,$-0,$0,$-0,$94,$94,$0,$0,$94,$-8,$12,$0
4,2017-09-30,21.75,$6.26,3.48,$0.13,162.22,$-7.00,0.0,$-3.54,0.0,$0.17B,$0.02B,11.5,$0.00B,$0.17B,0.01,$0.00B,$0.00B,100.00%,$0.00B,$-0.09B,-3000.00%,$0.00B,$-0.09B,-3000.00%,$0.00B,$-0.09B,-2933.33%,$0.00B,$-0.09B,-2933.33%,$0.00B,$-0.09B,-2966.67%,$-0.09B,$0.17B,-55.71%,$-0.09B,$0.17B,-55.71%,$-0.09B,$0.20B,-47.79%,$-0.09B,$0.18B,-55.90%,$1,$0,$1,$20,$8,$28,$-26,$0,$-26,$-0,$-25,$-25,$-25,$-26,$-26,$28,28,$-0.92,$-0.92,$168,$0,$0,$174,$25,$0,$0,$4,$28,$202,$15,$2,$1,$13,$28,$309,$-162,$-0,$174,$202,$-71,$1,$13,$14,$0,$0,$1,$-6,$-4,$-61,$-15,$0,$0,$0,$0,$0,$0,$-15,$-0,$0,$-0,$94,$94,$0,$0,$94,$18,$9,$0
5,2017-06-30,18.6,$7.10,2.62,$0.10,179.84,$-5.19,0.0,$-3.35,0.0,$0.20B,$0.02B,12.94,$0.00B,$0.19B,0.01,$0.00B,$0.00B,100.00%,$0.00B,$-0.08B,-4050.00%,$0.00B,$-0.08B,-4050.00%,$0.00B,$-0.08B,-3950.00%,$0.00B,$-0.08B,-3950.00%,$0.00B,$-0.08B,-4100.00%,$-0.08B,$0.20B,-52.56%,$-0.08B,$0.20B,-52.56%,$-0.08B,$0.23B,-45.37%,$-0.08B,$0.20B,-51.67%,$1,$0,$1,$19,$7,$26,$-25,$0,$-24,$0,$-25,$-25,$-25,$-24,$-25,$27,27,$-0.91,$-0.91,$197,$0,$0,$201,$21,$0,$0,$4,$25,$226,$16,$2,$2,$14,$30,$309,$-136,$-0,$197,$226,$-46,$1,$8,$9,$0,$0,$2,$-3,$-1,$-38,$-9,$0,$0,$0,$0,$0,$0,$-9,$-0,$0,$-0,$94,$94,$0,$0,$94,$47,$6,$0
6,2017-03-31,27.5,$5.31,5.18,$0.08,339.48,$-3.82,0.0,$-2.94,0.0,$0.13B,$0.01B,9.44,$0.00B,$0.12B,0.01,$0.00B,$0.00B,100.00%,$0.00B,$-0.07B,-6800.00%,$0.00B,$-0.07B,-6800.00%,$0.00B,$-0.07B,-6600.00%,$0.00B,$-0.07B,-6700.00%,$0.00B,$-0.07B,-6900.00%,$-0.07B,$0.13B,-45.92%,$-0.07B,$0.13B,-45.92%,$-0.07B,$0.15B,-40.17%,$-0.07B,$0.13B,-45.18%,$0,$0,$0,$15,$6,$21,$-20,$0,$-20,$1,$-21,$-21,$-21,$-20,$-20,$24,24,$-0.90,$-0.90,$129,$0,$0,$133,$14,$0,$0,$4,$19,$152,$14,$1,$2,$12,$27,$216,$-111,$-0,$125,$152,$-21,$0,$4,$4,$0,$0,$1,$-1,$-0,$-17,$-4,$0,$0,$0,$0,$0,$0,$-4,$-0,$0,$-0,$0,$0,$0,$0,$0,$-21,$3,$0
7,2016-12-31,26.15,$6.07,4.31,$0.06,403.98,$-3.28,0.0,$-2.41,0.0,$0.15B,$0.01B,12.5,$0.00B,$0.14B,0.0,$0.00B,$0.00B,100.00%,$0.00B,$-0.06B,-5600.00%,$0.00B,$-0.06B,-5600.00%,$0.00B,$-0.05B,-5400.00%,$0.00B,$-0.06B,-5500.00%,$0.00B,$-0.06B,-5600.00%,$-0.06B,$0.14B,-35.56%,$-0.06B,$0.14B,-35.56%,$-0.06B,$0.17B,-32.28%,$-0.06B,$0.14B,-35.56%,$1,$0,$1,$14,$5,$19,$-19,$0,$-18,$0,$-18,$-18,$-18,$-18,$-19,$23,23,$-0.81,$-0.81,$150,$0,$0,$152,$9,$0,$0,$4,$13,$165,$12,$0,$1,$10,$22,$216,$-90,$-0,$143,$165,$-55,$1,$7,$7,$0,$0,$3,$11,$16,$-32,$-6,$0,$0,$0,$0,$0,$-3,$-8,$-0,$0,$-0,$30,$30,$0,$-1,$29,$-11,$7,$0
8,2016-09-30,32.47,$6.77,4.79,$0.04,925.52,$-3.01,0.0,$-2.09,0.0,$0.17B,$0.01B,15.07,$0.00B,$0.15B,0.0,$0.00B,0,nan%,$0.00B,$-0.04B,inf%,$0.00B,$-0.04B,inf%,$0.00B,$-0.04B,inf%,$0.00B,$-0.04B,inf%,$0.00B,$-0.05B,inf%,$-0.05B,$0.16B,-27.78%,$-0.05B,$0.16B,-27.78%,$-0.05B,$0.18B,-25.94%,$-0.04B,$0.16B,-27.16%,$0,$0,$0,$14,$4,$18,$-17,$0,$-17,$0,$-18,$-18,$-18,$-17,$-17,$23,23,$-0.75,$-0.75,$169,$0,$0,$172,$7,$0,$0,$1,$8,$180,$11,$0,$1,$10,$21,$216,$-72,$0,$159,$180,$-37,$1,$5,$5,$-3,$0,$2,$11,$13,$-19,$-3,$0,$0,$0,$0,$0,$0,$-3,$-0,$0,$-0,$30,$30,$0,$-1,$29,$8,$4,$0
