,Date,Stock Price,Book Value per Share,Price to Book Ratio,TTM Sales per Share,Price to Sales Ratio,TTM FCF per Share,Price to FCF Ratio,TTM Net EPS,PE Ratio,Current Assets,Current Liabilities,Current Ratio,Long Term Debt,Shareholder's Equity_x,Debt to Equity Ratio,TTM Revenue_x,TTM Gross Profit,Gross Margin,TTM Revenue_y,TTM Operating Income,Operating Margin,TTM Revenue_x,TTM EBIT,EBIT Margin,TTM Revenue_y,TTM EBITDA,EBITDA Margin,TTM Revenue_x,TTM Pre-Tax Income,Pre-Tax Margin,TTM Revenue_y,TTM Net Income_x,Net Margin,TTM Net Income_y,Shareholder's Equity_y,Return on Equity,TTM Net Income_x,Tangible Equity,Return on Tangible Equity,TTM Net Income_y,Total Assets,Return on Assets,TTM Net Income,LT Investments & Debt,Return on Investment,revenue,cost-goods-sold,gross-profit,research-development-expenses,selling-general-administrative-expenses,operating-expenses,operating-income,total-non-operating-income-expense,pre-tax-income,total-provision-income-taxes,income-after-taxes,income-from-continuous-operations,net-income,ebitda,ebit,basic-shares-outstanding,shares-outstanding,eps-basic-net-earnings-per-share,eps-earnings-per-share-diluted,cash-on-hand,inventory,other-current-assets,total-current-assets,net-property-plant-equipment,long-term-investments,goodwill-intangible-assets-total,other-long-term-assets,total-long-term-assets,total-assets,total-current-liabilities,long-term-debt,other-non-current-liabilities,total-long-term-liabilities,total-liabilities,common-stock-net,retained-earnings-accumulated-deficit,comprehensive-income,total-share-holder-equity,total-liabilities-share-holders-equity,net-income-loss,total-depreciation-amortization-cash-flow,other-non-cash-items,total-non-cash-items,change-in-accounts-receivable,change-in-inventories,change-in-accounts-payable,change-in-assets-liabilities,total-change-in-assets-liabilities,cash-flow-from-operating-activities,net-change-in-property-plant-equipment,net-change-in-intangible-assets,net-acquisitions-divestitures,net-change-in-short-term-investments,net-change-in-long-term-investments,net-change-in-investments-total,investing-activities-other,cash-flow-from-investing-activities,net-long-term-debt,net-current-debt,debt-issuance-retirement-net-total,net-common-equity-issued-repurchased,net-total-equity-issued-repurchased,total-common-preferred-stock-dividends-paid,financial-activities-other,cash-flow-from-financial-activities,net-cash-flow,stock-based-compensation,common-stock-dividends-paid
0,2018-09-30,7.91,$9.57,0.83,$4.38,1.81,$-360.39,0.0,$0.38,20.82,$0.03B,$0.01B,5.6,$0.01B,$0.03B,0.22,$0.02B,$0.02B,68.18%,$0.02B,$0.00B,13.64%,$0.02B,$0.00B,13.64%,$0.02B,$0.08B,359.09%,$0.02B,$0.00B,13.64%,$0.02B,$0.00B,9.09%,$0.00B,$0.05B,4.32%,$0.00B,$0.05B,4.32%,$0.00B,$0.06B,3.36%,$0.00B,$0.05B,5.69%,$5,$2,$4,$0,$3,$4,$1,$-0,$1,$0,$1,$1,$0,$1206,$1,$5,5,$0.08,$0.08,$11,$15,$0,$28,$25,$0,$0,$0,$33,$61,$5,$6,$0,$8,$13,$9,$20,$0,$47,$61,$1775,$1206,$-128,$1078,$192,$-549,$-207,$-1144,$-1312,$1541,$-3325,$0,$0,$0,$0,$0,$-1122,$-4447,$-286,$-193,$-479,$0,$549,$0,$0,$70,$-2836,$0,$0
1,2018-06-30,8.55,$9.44,0.91,$4.31,1.98,$40.10,0.21,$0.47,18.19,$0.03B,$0.00B,6.91,$0.01B,$0.03B,0.23,$0.02B,$0.01B,63.64%,$0.02B,$0.00B,13.64%,$0.02B,$0.00B,13.64%,$0.02B,$0.01B,27.27%,$0.02B,$0.00B,13.64%,$0.02B,$0.00B,9.09%,$0.00B,$0.05B,4.49%,$0.00B,$0.05B,4.49%,$0.00B,$0.06B,3.43%,$0.00B,$0.05B,5.88%,$6,$2,$4,$0,$3,$5,$1,$-0,$1,$0,$1,$1,$1,$2,$1,$5,5,$0.11,$0.11,$11,$15,$0,$27,$25,$0,$0,$0,$31,$59,$4,$6,$0,$8,$12,$9,$20,$0,$47,$59,$1,$1,$-0,$1,$0,$-0,$-0,$-2,$-2,$0,$-2,$0,$0,$0,$0,$0,$-1,$-3,$-0,$-0,$-0,$0,$1,$0,$0,$0,$-3,$0,$0
2,2018-03-31,7.94,$9.17,0.87,$4.20,1.89,$40.60,0.2,$0.45,17.64,$0.03B,$0.00B,6.62,$0.01B,$0.03B,0.24,$0.02B,$0.01B,61.90%,$0.02B,$0.00B,14.29%,$0.02B,$0.00B,14.29%,$0.02B,$0.01B,23.81%,$0.02B,$0.00B,14.29%,$0.02B,$0.00B,4.76%,$0.00B,$0.05B,2.41%,$0.00B,$0.05B,2.41%,$0.00B,$0.06B,1.78%,$0.00B,$0.05B,6.22%,$5,$2,$3,$0,$2,$4,$0,$-0,$0,$0,$0,$0,$0,$1,$0,$5,5,$0.02,$0.02,$11,$15,$0,$28,$24,$0,$0,$0,$30,$58,$4,$7,$0,$8,$13,$9,$19,$0,$46,$58,$0,$0,$-0,$0,$0,$-0,$-0,$-2,$-2,$-1,$-1,$0,$0,$0,$0,$0,$-0,$-1,$-0,$-0,$-0,$0,$0,$0,$0,$-0,$-3,$0,$0
3,2017-12-31,8.25,$9.01,0.92,$4.18,1.97,$41.11,0.2,$0.47,17.56,$0.03B,$0.01B,4.73,$0.01B,$0.03B,0.25,$0.02B,$0.01B,65.00%,$0.02B,$0.00B,20.00%,$0.02B,$0.00B,20.00%,$0.02B,$0.01B,25.00%,$0.02B,$0.00B,15.00%,$0.02B,$0.00B,5.00%,$0.00B,$0.05B,2.58%,$0.00B,$0.05B,2.58%,$0.00B,$0.06B,1.86%,$0.00B,$0.05B,8.74%,$6,$2,$4,$0,$3,$5,$1,$-0,$1,$-1,$1,$1,$1,$-1130,$1,$5,5,$0.24,$0.24,$14,$15,$0,$30,$23,$0,$0,$0,$29,$60,$6,$7,$0,$9,$15,$9,$19,$0,$45,$60,$3,$2,$-1,$1,$0,$-3,$0,$1,$-1,$3,$-3,$0,$0,$0,$0,$0,$-1,$-4,$2,$0,$2,$-0,$8,$-1,$0,$9,$8,$0,$0
4,2017-09-30,7.91,$8.12,0.97,$4.16,1.9,$40.90,0.19,$0.40,19.78,$0.03B,$0.01B,4.09,$0.01B,$0.03B,0.26,$0.02B,$0.01B,65.00%,$0.02B,$0.01B,25.00%,$0.02B,$0.01B,25.00%,$0.02B,$1.14B,5685.00%,$0.02B,$0.00B,20.00%,$0.02B,$0.00B,5.00%,$0.00B,$0.04B,2.76%,$0.00B,$0.04B,2.76%,$0.00B,$0.06B,2.00%,$0.01B,$0.05B,11.76%,$5,$2,$3,$0,$2,$4,$1,$-0,$1,$0,$1,$1,$0,$1133,$1,$5,5,$0.09,$0.09,$13,$12,$0,$27,$23,$0,$0,$0,$29,$56,$7,$7,$0,$9,$16,$9,$18,$0,$40,$56,$1533,$1133,$-146,$987,$-71,$41,$13,$-150,$-71,$2449,$-2245,$0,$0,$0,$0,$0,$-795,$-3040,$2322,$-280,$2041,$-458,$4139,$0,$1713,$7894,$7303,$0,$0
5,2017-06-30,8.09,$7.07,1.14,$4.07,1.99,$-0.20,0.0,$0.40,20.23,$0.02B,$0.01B,3.31,$0.01B,$0.03B,0.27,$0.02B,$0.01B,65.00%,$0.02B,$0.01B,25.00%,$0.02B,$0.01B,25.00%,$0.02B,$0.01B,25.00%,$0.02B,$0.00B,20.00%,$0.02B,$0.00B,5.00%,$0.00B,$0.04B,2.88%,$0.00B,$0.04B,2.88%,$0.00B,$0.05B,2.13%,$0.01B,$0.04B,12.42%,$5,$2,$3,$0,$2,$4,$1,$-0,$1,$0,$1,$1,$0,$1,$1,$5,5,$0.09,$0.09,$10,$12,$0,$23,$23,$0,$0,$0,$28,$51,$7,$7,$0,$9,$16,$9,$17,$0,$35,$51,$1,$1,$-0,$1,$0,$0,$-0,$-0,$-0,$2,$-1,$0,$0,$0,$0,$0,$-1,$-2,$2,$-0,$2,$-0,$-0,$0,$3,$5,$4,$0,$0
6,2017-03-31,8.0,$6.95,1.15,$3.94,2.03,$-0.31,0.0,$0.38,21.05,$0.02B,$0.00B,4.92,$0.01B,$0.03B,0.28,$0.02B,$0.01B,65.00%,$0.02B,$0.01B,25.00%,$0.02B,$0.01B,25.00%,$0.02B,$0.01B,25.00%,$0.02B,$0.00B,20.00%,$0.02B,$0.00B,5.00%,$0.00B,$0.04B,2.94%,$0.00B,$0.04B,2.94%,$0.00B,$0.05B,2.23%,$0.01B,$0.04B,12.82%,$4,$2,$3,$0,$2,$4,$1,$-0,$0,$0,$0,$0,$0,$1,$1,$5,5,$0.04,$0.04,$8,$12,$0,$21,$22,$0,$0,$0,$27,$48,$4,$7,$0,$9,$14,$9,$17,$0,$35,$48,$0,$0,$-0,$0,$0,$-0,$0,$-0,$-0,$0,$-0,$0,$0,$0,$0,$0,$-0,$-1,$2,$-0,$2,$-0,$-0,$0,$0,$2,$2,$0,$0
7,2016-12-31,8.01,$6.90,1.16,$3.89,2.06,$-0.38,0.0,$0.42,19.07,$0.02B,$0.00B,5.59,$0.00B,$0.03B,0.17,$0.02B,$0.01B,65.00%,$0.02B,$0.01B,25.00%,$0.02B,$0.01B,25.00%,$0.02B,$0.01B,25.00%,$0.02B,$0.01B,25.00%,$0.02B,$0.00B,5.00%,$0.00B,$0.04B,3.08%,$0.00B,$0.04B,3.08%,$0.00B,$0.05B,2.37%,$0.01B,$0.04B,13.51%,$6,$2,$4,$0,$2,$4,$2,$-0,$2,$1,$1,$1,$1,$2,$2,$5,5,$0.19,$0.19,$6,$12,$0,$20,$20,$0,$0,$0,$25,$45,$4,$4,$0,$7,$10,$9,$17,$0,$35,$45,$3,$1,$-0,$1,$-0,$-1,$0,$-0,$-1,$3,$-4,$0,$0,$0,$0,$0,$-1,$-5,$-1,$0,$-1,$-0,$5,$-0,$0,$4,$2,$0,$0
8,2016-09-30,8.0,$6.76,1.18,$3.73,2.14,$-0.09,0.0,$0.35,22.85,$0.02B,$0.00B,6.33,$0.01B,$0.02B,0.19,$0.02B,$0.01B,63.16%,$0.02B,$0.00B,21.05%,$0.02B,$0.00B,21.05%,$0.02B,$0.01B,26.32%,$0.02B,$0.00B,21.05%,$0.02B,$0.00B,5.26%,$0.00B,$0.03B,3.28%,$0.00B,$0.03B,3.28%,$0.00B,$0.04B,2.45%,$0.00B,$0.04B,11.35%,$5,$2,$3,$0,$2,$4,$1,$-0,$1,$0,$1,$1,$0,$1,$1,$5,5,$0.09,$0.09,$8,$12,$0,$21,$18,$0,$0,$0,$23,$44,$3,$5,$0,$7,$10,$9,$16,$0,$34,$44,$2,$1,$-0,$1,$0,$-1,$-0,$0,$0,$2,$-2,$0,$0,$0,$0,$0,$-1,$-3,$-1,$0,$-1,$-0,$5,$0,$0,$5,$4,$0,$0
9,2016-06-30,8.39,$6.39,1.31,$3.63,2.31,$-0.13,0.0,$0.35,23.97,$0.02B,$0.00B,6.41,$0.01B,$0.02B,0.19,$0.02B,$0.01B,66.67%,$0.02B,$0.00B,22.22%,$0.02B,$0.00B,22.22%,$0.02B,$0.01B,27.78%,$0.02B,$0.00B,22.22%,$0.02B,$0.00B,5.56%,$0.00B,$0.03B,3.60%,$0.00B,$0.03B,3.60%,$0.00B,$0.04B,2.58%,$0.00B,$0.04B,12.21%,$5,$2,$3,$0,$2,$4,$1,$-0,$1,$0,$0,$0,$0,$1,$1,$5,5,$0.07,$0.07,$8,$10,$0,$20,$18,$0,$0,$0,$22,$42,$3,$5,$0,$7,$10,$10,$15,$0,$32,$42,$1,$1,$-0,$1,$1,$0,$-0,$-1,$-0,$1,$-2,$0,$0,$0,$0,$0,$-0,$-2,$-0,$-0,$-0,$-0,$4,$0,$0,$3,$3,$0,$0
10,2016-03-31,6.92,$5.81,1.19,$3.65,1.9,$-0.07,0.0,$0.38,18.21,$0.02B,$0.00B,10.41,$0.01B,$0.02B,0.21,$0.02B,$0.01B,66.67%,$0.02B,$0.00B,22.22%,$0.02B,$0.00B,22.22%,$0.02B,$0.01B,27.78%,$0.02B,$0.00B,22.22%,$0.02B,$0.00B,11.11%,$0.00B,$0.03B,7.92%,$0.00B,$0.03B,7.92%,$0.00B,$0.04B,5.56%,$0.00B,$0.03B,13.11%,$4,$2,$3,$0,$2,$3,$1,$0,$1,$0,$0,$0,$0,$1,$1,$5,5,$0.08,$0.08,$5,$11,$0,$17,$17,$0,$0,$0,$21,$38,$2,$5,$0,$7,$9,$10,$15,$0,$29,$38,$0,$0,$-0,$0,$0,$0,$-0,$-1,$-1,$-0,$-0,$0,$0,$0,$0,$0,$-0,$-0,$-0,$0,$-0,$-0,$1,$0,$0,$1,$1,$0,$0
11,2015-12-31,7.08,$5.45,1.3,$3.60,1.96,$-0.06,0.0,$0.36,19.67,$0.02B,$0.00B,4.43,$0.01B,$0.02B,0.21,$0.02B,$0.01B,61.11%,$0.02B,$0.00B,16.67%,$0.02B,$0.00B,16.67%,$0.02B,$0.01B,27.78%,$0.02B,$0.00B,22.22%,$0.02B,$0.00B,11.11%,$0.00B,$0.03B,8.51%,$0.00B,$0.03B,8.51%,$0.00B,$0.04B,5.88%,$0.00B,$0.03B,10.43%,$5,$2,$3,$0,$2,$4,$1,$-0,$1,$1,$1,$1,$1,$2,$1,$5,5,$0.12,$0.12,$5,$11,$0,$18,$17,$0,$0,$0,$20,$39,$4,$5,$0,$7,$11,$9,$14,$0,$27,$39,$2,$1,$0,$2,$-0,$-1,$-0,$0,$-1,$3,$-2,$0,$0,$0,$-0,$-0,$-1,$-3,$0,$0,$0,$0,$4,$-0,$0,$4,$3,$0,$0
12,2015-09-30,6.67,$4.58,1.46,$3.49,1.91,$-0.01,0.0,$0.43,15.52,$0.02B,$0.01B,2.56,$0.01B,$0.02B,0.23,$0.02B,$0.01B,64.71%,$0.02B,$0.00B,17.65%,$0.02B,$0.00B,17.65%,$0.02B,$0.00B,23.53%,$0.02B,$0.00B,23.53%,$0.02B,$0.00B,11.76%,$0.00B,$0.02B,9.09%,$0.00B,$0.02B,9.09%,$0.00B,$0.04B,6.25%,$0.00B,$0.03B,11.01%,$4,$2,$3,$0,$2,$3,$1,$-0,$1,$0,$0,$0,$0,$1,$1,$5,5,$0.09,$0.09,$3,$10,$0,$15,$17,$0,$0,$0,$20,$36,$6,$5,$0,$7,$13,$9,$14,$0,$23,$36,$1,$1,$-0,$1,$0,$-0,$-0,$-0,$-0,$2,$-2,$0,$0,$0,$-0,$-0,$-1,$-3,$0,$0,$0,$0,$0,$0,$0,$0,$-0,$0,$0
13,2015-06-30,6.92,$4.52,1.53,$3.46,2.0,$0.05,140.08,$0.46,15.04,$0.01B,$0.00B,6.35,$0.01B,$0.02B,0.24,$0.02B,$0.01B,58.82%,$0.02B,$0.00B,17.65%,$0.02B,$0.00B,17.65%,$0.02B,$0.00B,23.53%,$0.02B,$0.00B,23.53%,$0.02B,$0.00B,17.65%,$0.00B,$0.02B,14.12%,$0.00B,$0.02B,14.12%,$0.00B,$0.03B,9.84%,$0.00B,$0.03B,11.32%,$5,$2,$3,$0,$2,$4,$1,$-0,$1,$0,$1,$1,$1,$1,$1,$5,5,$0.10,$0.10,$1,$9,$0,$11,$16,$0,$0,$0,$20,$31,$2,$5,$0,$7,$9,$9,$13,$0,$22,$31,$1,$1,$-0,$1,$0,$1,$-0,$-1,$0,$1,$-2,$0,$0,$0,$-0,$-0,$-0,$-2,$0,$0,$0,$0,$0,$0,$0,$1,$0,$0,$0
14,2015-03-31,5.93,$4.42,1.34,$3.26,1.82,$-0.04,0.0,$0.47,12.62,$0.01B,$0.00B,6.74,$0.01B,$0.02B,0.24,$0.02B,$0.01B,56.25%,$0.02B,$0.00B,18.75%,$0.02B,$0.00B,18.75%,$0.02B,$0.00B,25.00%,$0.02B,$0.00B,25.00%,$0.02B,$0.00B,18.75%,$0.00B,$0.02B,14.46%,$0.00B,$0.02B,14.46%,$0.00B,$0.03B,10.08%,$0.00B,$0.03B,11.65%,$4,$2,$2,$0,$2,$3,$0,$0,$1,$0,$0,$0,$0,$1,$0,$5,5,$0.06,$0.06,$0,$10,$0,$12,$15,$0,$0,$0,$19,$30,$2,$5,$0,$7,$9,$9,$13,$0,$22,$30,$0,$0,$-0,$0,$0,$0,$-0,$-1,$-0,$0,$-1,$0,$0,$0,$0,$0,$-0,$-1,$-0,$0,$-0,$0,$0,$0,$0,$0,$-0,$0,$0
15,2014-12-31,5.8,$4.35,1.33,$3.07,1.89,$-0.24,0.0,$0.45,12.89,$0.01B,$0.00B,4.63,$0.01B,$0.02B,0.24,$0.02B,$0.01B,60.00%,$0.02B,$0.00B,20.00%,$0.02B,$0.00B,20.00%,$0.02B,$0.00B,20.00%,$0.02B,$0.00B,20.00%,$0.02B,$0.00B,20.00%,$0.00B,$0.02B,15.00%,$0.00B,$0.02B,15.00%,$0.00B,$0.03B,10.17%,$0.00B,$0.03B,12.00%,$4,$2,$3,$0,$2,$4,$1,$0,$1,$-0,$1,$1,$1,$1,$1,$5,5,$0.18,$0.17,$1,$10,$0,$13,$15,$0,$0,$0,$18,$31,$3,$5,$0,$7,$10,$9,$13,$0,$21,$31,$2,$1,$-0,$1,$-0,$-0,$0,$0,$-0,$3,$-3,$0,$0,$0,$0,$0,$-1,$-4,$0,$0,$0,$0,$0,$0,$0,$0,$-0,$0,$0
16,2014-09-30,5.51,$4.17,1.32,$2.91,1.9,$-1.22,0.0,$0.34,16.21,$0.01B,$0.00B,4.77,$0.01B,$0.02B,0.26,$0.02B,$0.01B,53.33%,$0.02B,$0.00B,20.00%,$0.02B,$0.00B,20.00%,$0.02B,$0.00B,20.00%,$0.02B,$0.00B,20.00%,$0.02B,$0.00B,13.33%,$0.00B,$0.02B,10.26%,$0.00B,$0.02B,10.26%,$0.00B,$0.03B,6.90%,$0.00B,$0.03B,12.24%,$4,$2,$3,$0,$2,$3,$1,$-0,$1,$0,$1,$1,$1,$1,$1,$5,5,$0.12,$0.12,$1,$10,$0,$12,$15,$0,$0,$0,$17,$30,$3,$5,$0,$7,$10,$9,$12,$0,$20,$30,$1,$1,$-0,$1,$-0,$0,$-0,$0,$0,$2,$-2,$0,$0,$0,$0,$0,$-0,$-3,$0,$0,$0,$0,$0,$0,$0,$0,$-0,$0,$0
17,2014-06-30,5.91,$4.05,1.46,$2.71,2.18,$-1.73,0.0,$0.27,21.89,$0.01B,$0.00B,6.68,$0.01B,$0.02B,0.27,$0.01B,$0.01B,57.14%,$0.01B,$0.00B,14.29%,$0.01B,$0.00B,14.29%,$0.01B,$0.00B,21.43%,$0.01B,$0.00B,14.29%,$0.01B,$0.00B,7.14%,$0.00B,$0.02B,5.26%,$0.00B,$0.02B,5.26%,$0.00B,$0.03B,3.48%,$0.00B,$0.03B,8.25%,$4,$1,$2,$0,$1,$3,$1,$0,$1,$0,$1,$1,$1,$1,$1,$5,5,$0.11,$0.11,$0,$9,$0,$11,$15,$0,$0,$0,$17,$28,$2,$5,$0,$7,$9,$9,$11,$0,$20,$28,$1,$0,$-0,$0,$0,$0,$-0,$-1,$0,$1,$-2,$0,$0,$0,$0,$0,$-0,$-2,$0,$0,$0,$0,$0,$0,$0,$0,$-1,$0,$0
18,2014-03-31,6.49,$3.94,1.65,$2.71,2.39,$-1.75,0.0,$0.27,24.04,$0.01B,$0.00B,4.54,$0.01B,$0.02B,0.28,$0.01B,$0.01B,57.14%,$0.01B,$0.00B,14.29%,$0.01B,$0.00B,14.29%,$0.01B,$0.00B,21.43%,$0.01B,$0.00B,14.29%,$0.01B,$0.00B,7.14%,$0.00B,$0.02B,5.41%,$0.00B,$0.02B,5.41%,$0.00B,$0.03B,3.54%,$0.00B,$0.02B,8.51%,$3,$1,$2,$0,$1,$3,$0,$0,$0,$0,$0,$0,$0,$0,$0,$5,5,$0.04,$0.04,$0,$10,$0,$12,$14,$0,$0,$0,$17,$29,$3,$5,$0,$7,$10,$9,$11,$0,$19,$29,$0,$0,$-0,$0,$0,$-0,$-0,$-1,$-1,$-0,$-1,$0,$0,$0,$0,$0,$-0,$-1,$-0,$1,$1,$0,$0,$0,$0,$1,$-1,$0,$0
19,2013-12-31,6.29,$3.90,1.61,$2.74,2.3,$-1.55,0.0,$0.29,21.69,$0.01B,$0.00B,4.57,$0.01B,$0.02B,0.29,$0.01B,$0.01B,57.14%,$0.01B,$0.00B,14.29%,$0.01B,$0.00B,14.29%,$0.01B,$0.00B,28.57%,$0.01B,$0.00B,21.43%,$0.01B,$0.00B,7.14%,$0.00B,$0.02B,5.48%,$0.00B,$0.02B,5.48%,$0.00B,$0.03B,3.67%,$0.00B,$0.02B,8.79%,$4,$2,$2,$0,$1,$3,$1,$-0,$1,$0,$0,$0,$0,$1,$1,$5,5,$0.08,$0.07,$1,$10,$0,$13,$14,$0,$0,$0,$16,$29,$3,$6,$0,$7,$10,$9,$10,$0,$19,$29,$1,$1,$0,$1,$-0,$-1,$-0,$0,$-1,$2,$-6,$0,$0,$0,$0,$0,$-1,$-7,$1,$0,$1,$0,$0,$0,$-0,$1,$-4,$0,$0
20,2013-09-30,5.74,$3.83,1.5,$2.78,2.06,$-0.47,0.0,$0.32,17.93,$0.01B,$0.00B,4.05,$0.01B,$0.02B,0.3,$0.01B,$0.01B,57.14%,$0.01B,$0.00B,14.29%,$0.01B,$0.00B,14.29%,$0.01B,$0.00B,28.57%,$0.01B,$0.00B,21.43%,$0.01B,$0.00B,14.29%,$0.00B,$0.02B,11.27%,$0.00B,$0.02B,11.27%,$0.00B,$0.03B,7.62%,$0.00B,$0.02B,9.09%,$3,$1,$2,$0,$1,$3,$0,$-0,$0,$0,$0,$0,$0,$1,$0,$5,5,$0.05,$0.05,$2,$9,$0,$12,$12,$0,$0,$2,$16,$29,$3,$6,$0,$7,$10,$9,$10,$0,$18,$29,$1,$1,$-0,$0,$-0,$0,$-0,$-0,$-0,$1,$-4,$0,$0,$0,$0,$0,$-1,$-4,$0,$0,$0,$-0,$-0,$0,$-0,$0,$-3,$0,$0
21,2013-06-30,4.47,$3.78,1.18,$2.81,1.59,$0.17,26.69,$0.33,13.55,$0.01B,$0.00B,6.24,$0.00B,$0.02B,0.21,$0.01B,$0.01B,57.14%,$0.01B,$0.00B,21.43%,$0.01B,$0.00B,21.43%,$0.01B,$0.00B,28.57%,$0.01B,$0.00B,28.57%,$0.01B,$0.00B,14.29%,$0.00B,$0.02B,11.43%,$0.00B,$0.02B,11.43%,$0.00B,$0.03B,8.00%,$0.00B,$0.02B,14.12%,$4,$1,$2,$0,$1,$3,$1,$-0,$1,$0,$1,$1,$1,$1,$1,$5,5,$0.11,$0.11,$3,$9,$0,$14,$10,$0,$0,$0,$12,$26,$2,$4,$0,$6,$8,$9,$10,$0,$18,$26,$1,$0,$-0,$0,$-0,$1,$-1,$-1,$-0,$1,$-1,$0,$0,$0,$0,$0,$-1,$-2,$-0,$0,$-0,$-0,$-0,$0,$-0,$-0,$-1,$0,$0
22,2013-03-31,4.6,$3.67,1.25,$2.65,1.74,$0.34,13.35,$0.27,17.05,$0.01B,$0.00B,7.85,$0.00B,$0.02B,0.21,$0.01B,$0.01B,61.54%,$0.01B,$0.00B,15.38%,$0.01B,$0.00B,15.38%,$0.01B,$0.00B,30.77%,$0.01B,$0.00B,23.08%,$0.01B,$0.00B,7.69%,$0.00B,$0.02B,5.80%,$0.00B,$0.02B,5.80%,$0.00B,$0.03B,4.08%,$0.00B,$0.02B,9.52%,$3,$1,$2,$0,$1,$3,$0,$0,$1,$0,$0,$0,$0,$1,$0,$5,5,$0.06,$0.06,$4,$9,$0,$14,$8,$0,$0,$0,$11,$25,$2,$4,$0,$6,$7,$9,$9,$0,$18,$25,$0,$0,$-0,$0,$0,$0,$-0,$-1,$-0,$-0,$-0,$0,$0,$0,$0,$0,$-0,$-1,$-0,$0,$-0,$-0,$-0,$0,$-0,$-0,$-1,$0,$0
23,2012-12-31,3.69,$3.61,1.02,$2.58,1.43,$0.43,8.58,$0.25,14.76,$0.02B,$0.00B,6.43,$0.00B,$0.02B,0.22,$0.01B,$0.01B,61.54%,$0.01B,$0.00B,15.38%,$0.01B,$0.00B,15.38%,$0.01B,$0.00B,30.77%,$0.01B,$0.00B,15.38%,$0.01B,$0.00B,7.69%,$0.00B,$0.02B,5.88%,$0.00B,$0.02B,5.88%,$0.00B,$0.03B,4.12%,$0.00B,$0.02B,9.52%,$4,$2,$2,$0,$1,$3,$1,$-0,$1,$0,$1,$1,$1,$1,$1,$5,5,$0.10,$0.10,$5,$9,$0,$15,$8,$0,$0,$0,$10,$25,$2,$4,$0,$6,$8,$9,$9,$0,$17,$25,$1,$1,$-0,$1,$-0,$-0,$0,$0,$1,$2,$-1,$0,$0,$0,$0,$0,$-0,$-2,$-0,$0,$-0,$-0,$-0,$0,$0,$-0,$1,$0,$0
24,2012-09-30,3.92,$3.50,1.12,$2.59,1.51,$0.42,9.27,$0.21,18.65,$0.02B,$0.00B,8.03,$0.00B,$0.02B,0.23,$0.01B,$0.01B,69.23%,$0.01B,$0.00B,23.08%,$0.01B,$0.00B,23.08%,$0.01B,$0.01B,46.15%,$0.01B,$0.00B,15.38%,$0.01B,0,0.00%,$0.00B,$0.02B,0.00%,$0.00B,$0.02B,0.00%,$0.00B,$0.02B,0.00%,$0.00B,$0.02B,14.46%,$3,$1,$2,$0,$1,$3,$1,$-0,$1,$0,$0,$0,$0,$1,$1,$5,5,$0.06,$0.06,$4,$9,$0,$15,$8,$0,$0,$0,$10,$24,$2,$4,$0,$6,$8,$9,$8,$0,$17,$24,$1,$1,$-0,$0,$-0,$0,$0,$-0,$0,$2,$-1,$0,$0,$0,$0,$0,$0,$-1,$-0,$0,$-0,$-0,$-0,$0,$0,$-0,$1,$0,$0
25,2012-06-30,3.52,$3.44,1.02,$2.64,1.33,$0.37,9.51,$0.23,15.29,$0.01B,$0.00B,9.4,$0.00B,$0.02B,0.24,$0.01B,$0.01B,69.23%,$0.01B,$0.00B,23.08%,$0.01B,$0.00B,23.08%,$0.01B,$0.01B,46.15%,$0.01B,$0.00B,15.38%,$0.01B,0,0.00%,$0.00B,$0.02B,0.00%,$0.00B,$0.02B,0.00%,$0.00B,$0.02B,0.00%,$0.00B,$0.02B,14.63%,$3,$1,$2,$0,$1,$2,$0,$-0,$0,$0,$0,$0,$0,$1,$0,$5,5,$0.05,$0.05,$4,$9,$0,$14,$7,$0,$0,$0,$10,$24,$2,$4,$0,$6,$7,$9,$8,$0,$17,$24,$1,$0,$-0,$0,$0,$-0,$0,$-0,$-0,$1,$-1,$0,$0,$0,$0,$0,$0,$-1,$-0,$0,$-0,$-0,$-0,$0,$0,$-0,$1,$0,$0
26,2012-03-31,3.15,$3.40,0.93,$2.64,1.19,$0.40,7.94,$0.22,14.31,$0.02B,$0.00B,8.71,$0.00B,$0.02B,0.24,$0.01B,$0.01B,69.23%,$0.01B,$0.00B,30.77%,$0.01B,$0.00B,30.77%,$0.01B,$0.01B,46.15%,$0.01B,$0.00B,23.08%,$0.01B,0,0.00%,$0.00B,$0.02B,0.00%,$0.00B,$0.02B,0.00%,$0.00B,$0.02B,0.00%,$0.00B,$0.02B,20.00%,$3,$1,$2,$0,$1,$2,$0,$0,$0,$0,$0,$0,$0,$1,$0,$5,5,$0.04,$0.04,$4,$9,$0,$15,$7,$0,$0,$0,$10,$24,$2,$4,$0,$6,$8,$9,$8,$0,$17,$24,$0,$0,$-0,$0,$-0,$0,$0,$-0,$-0,$0,$-0,$0,$0,$0,$0,$0,$0,$-0,$-0,$0,$-0,$-0,$-0,$0,$0,$-0,$0,$0,$0
27,2011-12-31,3.0,$3.36,0.89,$2.82,1.06,$0.38,7.88,$0.19,15.79,$0.02B,$0.00B,8.11,$0.00B,$0.02B,0.24,$0.01B,$0.01B,64.29%,$0.01B,$0.00B,28.57%,$0.01B,$0.00B,28.57%,$0.01B,$0.01B,35.71%,$0.01B,$0.00B,21.43%,$0.01B,0,0.00%,$0.00B,$0.02B,0.00%,$0.00B,$0.02B,0.00%,$0.00B,$0.02B,0.00%,$0.00B,$0.02B,20.78%,$4,$1,$3,$0,$1,$1,$2,$-0,$1,$0,$1,$0,$0,$3,$2,$5,5,$0.06,$0.06,$3,$9,$0,$15,$7,$0,$0,$0,$10,$24,$2,$4,$0,$6,$8,$9,$8,$0,$16,$24,$1,$1,$1,$1,$0,$0,$-0,$-1,$1,$3,$-2,$0,$0,$0,$0,$0,$-0,$-2,$1,$0,$1,$0,$0,$0,$-0,$1,$2,$0,$0
28,2011-09-30,3.09,$0.00,0.0,$3.05,1.01,$0.18,17.32,$0.19,16.26,$0.02B,$0.00B,7.62,$0.00B,$0.02B,0.26,$0.02B,$0.01B,53.33%,$0.02B,$0.00B,20.00%,$0.02B,$0.00B,20.00%,$0.02B,$0.00B,20.00%,$0.02B,$0.00B,20.00%,$0.02B,0,0.00%,$0.00B,$0.02B,0.00%,$0.00B,$0.02B,0.00%,$0.00B,$0.02B,0.00%,$0.00B,$0.02B,21.05%,$3,$2,$2,$0,$1,$3,$1,$-0,$1,$0,$0,$0,$0,$1,$1,$5,5,$0.08,$0.08,$3,$10,$1,$15,$0,$0,$0,$1,$2,$24,$2,$4,$0,$6,$8,$9,$8,$0,$16,$24,$1,$1,$-0,$1,$-0,$1,$0,$-0,$0,$2,$-1,$0,$0,$0,$0,$0,$-0,$-1,$1,$0,$1,$0,$0,$0,$-0,$1,$1,$0,$0
29,2011-06-30,3.09,$0.00,0.0,$3.29,0.94,$0.30,10.45,$0.14,22.07,$0.01B,$0.00B,7.85,$0.00B,$0.02B,0.2,$0.02B,$0.01B,47.06%,$0.02B,$0.00B,11.76%,$0.02B,$0.00B,11.76%,$0.02B,$0.00B,17.65%,$0.02B,$0.00B,11.76%,$0.02B,0,0.00%,$0.00B,$0.02B,0.00%,$0.00B,$0.02B,0.00%,$0.00B,$0.02B,0.00%,$0.00B,$0.02B,14.55%,$3,$1,$2,$0,$1,$2,$1,$-0,$1,$0,$0,$0,$0,$1,$1,$5,5,$0.04,$0.04,$2,$10,$0,$13,$0,$0,$0,$0,$2,$22,$2,$3,$0,$4,$6,$9,$7,$0,$16,$22,$0,$0,$-0,$0,$0,$0,$0,$-0,$0,$1,$-1,$0,$0,$0,$0,$0,$0,$-1,$-0,$0,$-0,$0,$0,$0,$-0,$-0,$0,$0,$0
30,2011-03-31,3.2,$0.00,0.0,$3.54,0.9,$0.31,10.25,$0.13,24.61,$0.01B,$0.00B,7.72,$0.00B,$0.02B,0.18,$0.02B,$0.01B,44.44%,$0.02B,$0.00B,5.56%,$0.02B,$0.00B,5.56%,$0.02B,$0.00B,11.11%,$0.02B,$0.00B,5.56%,$0.02B,0,0.00%,$0.00B,$0.02B,0.00%,$0.00B,$0.02B,0.00%,$0.00B,$0.02B,0.00%,$0.00B,$0.02B,7.41%,$4,$2,$2,$0,$2,$4,$0,$-0,$0,$0,$0,$0,$0,$0,$0,$5,5,$0.01,$0.01,$1,$10,$0,$13,$0,$0,$0,$0,$2,$21,$2,$3,$0,$4,$6,$9,$7,$0,$16,$21,$0,$0,$-0,$0,$0,$0,$-0,$-0,$-0,$0,$-0,$0,$0,$0,$0,$0,$0,$-0,$-0,$0,$-0,$0,$0,$0,$0,$-0,$-0,$0,$0
31,2010-12-31,3.51,$0.00,0.0,$3.52,1.0,$0.19,18.68,$0.08,43.88,$0.00B,$0.00B,0.0,$0.00B,$0.00B,0.0,$0.02B,$0.01B,38.89%,$0.02B,$0.00B,5.56%,$0.02B,$0.00B,5.56%,$0.02B,$0.00B,11.11%,$0.02B,$0.00B,5.56%,$0.02B,0,0.00%,$0.00B,$0.00B,0.00%,$0.00B,$0.00B,0.00%,$0.00B,$0.00B,0.00%,$0.00B,$0.00B,7.41%,$5,$3,$2,$0,$2,$5,$1,$-0,$1,$0,$0,$0,$0,$1,$1,$5,5,$0.06,$0.06,$0,$0,$0,$0,$0,$0,$0,$0,$0,$0,$0,$0,$0,$0,$0,$0,$0,$0,$0,$0,$0,$0,$0,$0,$0,$0,$0,$0,$0,$0,$0,$0,$0,$0,$0,$0,$0,$0,$0,$0,$0,$0,$0,$0,$0,$0,$0,$0,$0
32,2010-09-30,3.46,$0.00,0.0,$3.20,1.08,$-0.07,0.0,$0.03,115.33,$0.01B,$0.00B,6.87,$0.00B,$0.02B,0.19,$0.02B,$0.01B,38.89%,$0.02B,0,0.00%,$0.02B,0,0.00%,$0.02B,$0.00B,5.56%,$0.02B,0,0.00%,$0.02B,0,0.00%,$0.00B,$0.02B,0.00%,$0.00B,$0.02B,0.00%,$0.00B,$0.02B,0.00%,$0.00B,$0.02B,0.00%,$5,$3,$2,$0,$2,$4,$0,$-0,$0,$0,$0,$0,$0,$1,$0,$5,5,$0.04,$0.03,$0,$11,$0,$13,$0,$0,$0,$0,$2,$21,$2,$3,$0,$4,$6,$9,$7,$0,$15,$21,$0,$1,$0,$1,$0,$0,$0,$0,$1,$1,$-0,$0,$0,$0,$0,$0,$0,$-0,$0,$-0,$-0,$0,$0,$0,$0,$-1,$0,$0,$0
33,2010-06-30,3.5,$0.00,0.0,$3.14,1.12,$-0.68,0.0,$0.05,70.0,$0.01B,$0.00B,7.49,$0.00B,$0.02B,0.2,$0.02B,$0.01B,41.18%,$0.02B,0,0.00%,$0.02B,0,0.00%,$0.02B,$0.00B,5.88%,$0.02B,0,0.00%,$0.02B,0,0.00%,$0.00B,$0.02B,0.00%,$0.00B,$0.02B,0.00%,$0.00B,$0.02B,0.00%,$0.00B,$0.02B,0.00%,$4,$2,$2,$0,$2,$4,$0,$-0,$0,$0,$0,$0,$0,$0,$0,$5,5,$0.03,$0.03,$0,$12,$0,$13,$0,$0,$0,$0,$2,$21,$2,$3,$0,$4,$6,$9,$6,$0,$15,$21,$-0,$0,$0,$0,$0,$0,$0,$0,$0,$1,$-0,$0,$0,$0,$0,$0,$0,$-0,$0,$-0,$-0,$0,$0,$0,$0,$-0,$0,$0,$0
34,2010-03-31,3.54,$0.00,0.0,$3.10,1.14,$-1.04,0.0,$0.07,50.57,$0.01B,$0.00B,5.58,$0.00B,$0.02B,0.21,$0.02B,$0.01B,41.18%,$0.02B,0,0.00%,$0.02B,0,0.00%,$0.02B,$0.00B,11.76%,$0.02B,0,0.00%,$0.02B,0,0.00%,$0.00B,$0.02B,0.00%,$0.00B,$0.02B,0.00%,$0.00B,$0.02B,0.00%,$0.00B,$0.02B,0.00%,$4,$2,$1,$0,$2,$4,$-0,$-0,$-0,$-0,$-0,$-0,$-0,$-0,$-0,$5,5,$-0.04,$-0.04,$0,$12,$1,$14,$0,$0,$0,$0,$2,$22,$2,$3,$0,$4,$7,$9,$6,$0,$15,$22,$-0,$0,$0,$0,$0,$0,$0,$0,$-1,$-1,$-0,$0,$0,$0,$0,$0,$0,$-0,$0,$1,$-0,$0,$0,$0,$0,$1,$0,$0,$0
35,2009-12-31,3.5,$0.00,0.0,$2.97,1.18,$-1.08,0.0,$0.14,25.0,$0.01B,$0.00B,4.99,$0.00B,$0.02B,0.22,$0.02B,$0.01B,50.00%,$0.02B,0,0.00%,$0.02B,0,0.00%,$0.02B,$0.00B,12.50%,$0.02B,0,0.00%,$0.02B,0,0.00%,$0.00B,$0.02B,0.00%,$0.00B,$0.02B,0.00%,$0.00B,$0.02B,0.00%,$0.00B,$0.02B,0.00%,$5,$3,$2,$0,$2,$5,$-0,$-0,$-0,$-0,$0,$0,$0,$0,$-0,$6,6,$0.01,$0.01,$0,$12,$1,$14,$0,$0,$0,$0,$2,$22,$3,$3,$0,$4,$7,$9,$7,$0,$15,$22,$1,$1,$0,$1,$0,$0,$0,$0,$-3,$-1,$-1,$0,$0,$0,$0,$0,$-0,$-1,$0,$0,$1,$0,$0,$0,$-0,$1,$-0,$0,$0
36,2009-09-30,4.15,$0.00,0.0,$3.22,1.29,$-1.24,0.0,$0.18,23.06,$0.01B,$0.00B,3.92,$0.00B,$0.02B,0.13,$0.02B,$0.01B,50.00%,$0.02B,0,0.00%,$0.02B,0,0.00%,$0.02B,$0.00B,18.75%,$0.02B,0,0.00%,$0.02B,0,0.00%,$0.00B,$0.02B,0.00%,$0.00B,$0.02B,0.00%,$0.00B,$0.02B,0.00%,$0.00B,$0.02B,0.00%,$4,$2,$2,$0,$2,$4,$0,$-0,$0,$0,$0,$0,$0,$1,$0,$5,5,$0.05,$0.05,$0,$12,$0,$13,$0,$0,$0,$0,$2,$21,$3,$2,$0,$3,$6,$9,$6,$0,$15,$21,$1,$0,$0,$0,$0,$0,$0,$0,$-3,$-1,$-0,$0,$0,$0,$0,$0,$-0,$-0,$0,$2,$-0,$0,$0,$0,$0,$2,$-0,$0,$0
37,2009-06-30,3.65,$0.00,0.0,$3.16,1.15,$-1.43,0.0,$0.18,20.28,$0.01B,$0.00B,4.11,$0.00B,$0.02B,0.14,$0.02B,$0.01B,50.00%,$0.02B,0,0.00%,$0.02B,0,0.00%,$0.02B,$0.00B,18.75%,$0.02B,0,0.00%,$0.02B,0,0.00%,$0.00B,$0.02B,0.00%,$0.00B,$0.02B,0.00%,$0.00B,$0.02B,0.00%,$0.00B,$0.02B,0.00%,$4,$2,$2,$0,$2,$4,$0,$-0,$0,$0,$0,$0,$0,$1,$0,$5,5,$0.05,$0.05,$0,$12,$0,$13,$0,$0,$0,$0,$2,$21,$3,$2,$0,$3,$6,$9,$6,$0,$15,$21,$0,$0,$0,$0,$0,$0,$0,$0,$-2,$-1,$-0,$0,$0,$0,$0,$0,$0,$-0,$0,$1,$-0,$0,$0,$0,$0,$1,$-0,$0,$0
38,2009-03-31,2.4,$0.00,0.0,$3.14,0.76,$-1.42,0.0,$0.16,15.0,$0.01B,$0.00B,4.75,$0.00B,$0.01B,0.14,$0.02B,$0.01B,50.00%,$0.02B,0,0.00%,$0.02B,0,0.00%,$0.02B,$0.00B,12.50%,$0.02B,0,0.00%,$0.02B,0,0.00%,$0.00B,$0.01B,0.00%,$0.00B,$0.01B,0.00%,$0.00B,$0.02B,0.00%,$0.00B,$0.02B,0.00%,$3,$2,$2,$0,$2,$3,$-0,$-0,$0,$0,$0,$0,$0,$0,$-0,$6,6,$0.03,$0.03,$0,$11,$0,$12,$0,$0,$0,$0,$2,$20,$3,$2,$0,$3,$6,$9,$6,$0,$14,$20,$0,$0,$0,$0,$0,$0,$0,$0,$-1,$-1,$-0,$0,$0,$0,$0,$0,$0,$-0,$0,$1,$-0,$0,$0,$0,$0,$1,$-0,$0,$0
39,2008-12-31,2.98,$0.00,0.0,$3.11,0.96,$-1.44,0.0,$0.14,21.29,$0.01B,$0.00B,4.24,$0.00B,$0.01B,0.15,$0.02B,$0.01B,50.00%,$0.02B,0,0.00%,$0.02B,0,0.00%,$0.02B,$0.00B,12.50%,$0.02B,0,0.00%,$0.02B,0,0.00%,$0.00B,$0.01B,0.00%,$0.00B,$0.01B,0.00%,$0.00B,$0.02B,0.00%,$0.00B,$0.02B,0.00%,$5,$2,$2,$0,$2,$4,$0,$-0,$0,$0,$0,$0,$0,$1,$0,$5,5,$0.05,$0.05,$0,$11,$0,$12,$0,$0,$0,$0,$2,$20,$3,$2,$0,$3,$6,$9,$6,$0,$14,$20,$1,$1,$0,$1,$0,$0,$0,$0,$-1,$0,$-2,$0,$0,$0,$0,$0,$-0,$-2,$0,$0,$1,$0,$0,$0,$0,$1,$-1,$0,$0
40,2008-09-30,4.75,$0.00,0.0,$3.24,1.46,$-1.12,0.0,$0.23,20.65,$0.01B,$0.00B,5.71,$0.00B,$0.01B,0.16,$0.02B,$0.01B,56.25%,$0.02B,$0.00B,6.25%,$0.02B,$0.00B,6.25%,$0.02B,$0.00B,12.50%,$0.02B,$0.00B,6.25%,$0.02B,$0.00B,6.25%,$0.00B,$0.01B,7.14%,$0.00B,$0.01B,7.14%,$0.00B,$0.02B,5.56%,$0.00B,$0.02B,6.78%,$4,$2,$2,$0,$2,$4,$0,$-0,$0,$0,$0,$0,$0,$1,$0,$5,5,$0.05,$0.05,$0,$10,$0,$11,$0,$0,$0,$0,$2,$19,$2,$2,$0,$3,$5,$8,$6,$0,$14,$19,$0,$0,$0,$0,$0,$0,$0,$0,$-2,$-1,$-2,$0,$0,$0,$0,$0,$0,$-2,$0,$0,$1,$0,$0,$0,$0,$2,$-1,$0,$0
41,2008-06-30,5.15,$0.00,0.0,$3.27,1.57,$-0.38,0.0,$0.28,18.39,$0.01B,$0.00B,5.36,$0.00B,$0.01B,0.06,$0.02B,$0.01B,56.25%,$0.02B,$0.00B,12.50%,$0.02B,$0.00B,12.50%,$0.02B,$0.00B,12.50%,$0.02B,$0.00B,12.50%,$0.02B,$0.00B,12.50%,$0.00B,$0.01B,14.55%,$0.00B,$0.01B,14.55%,$0.00B,$0.02B,11.43%,$0.00B,$0.02B,14.04%,$4,$2,$2,$0,$2,$4,$0,$0,$0,$0,$0,$0,$0,$0,$0,$5,5,$0.03,$0.03,$0,$10,$0,$11,$0,$0,$0,$0,$2,$18,$2,$1,$0,$2,$4,$8,$5,$0,$14,$18,$0,$0,$0,$0,$0,$0,$0,$0,$-1,$-1,$-0,$0,$0,$0,$0,$0,$0,$-0,$0,$0,$-0,$0,$0,$0,$0,$0,$-1,$0,$0
42,2008-03-31,7.25,$0.00,0.0,$3.24,2.24,$-0.06,0.0,$0.30,24.17,$0.01B,$0.00B,5.2,$0.00B,$0.01B,0.06,$0.02B,$0.01B,56.25%,$0.02B,$0.00B,12.50%,$0.02B,$0.00B,12.50%,$0.02B,$0.00B,18.75%,$0.02B,$0.00B,12.50%,$0.02B,$0.00B,12.50%,$0.00B,$0.01B,15.09%,$0.00B,$0.01B,15.09%,$0.00B,$0.02B,11.94%,$0.00B,$0.01B,14.55%,$3,$2,$2,$0,$2,$3,$0,$-0,$0,$0,$0,$0,$0,$0,$0,$6,6,$0.01,$0.01,$0,$9,$0,$11,$0,$0,$0,$0,$2,$18,$2,$1,$0,$2,$4,$8,$5,$0,$14,$18,$0,$0,$0,$0,$0,$0,$0,$0,$-1,$-1,$-0,$0,$0,$0,$0,$0,$0,$-0,$0,$0,$-0,$0,$0,$0,$0,$0,$-1,$0,$0
43,2007-12-31,6.45,$0.00,0.0,$3.39,1.9,$0.02,307.14,$0.34,18.97,$0.01B,$0.00B,5.95,$0.00B,$0.01B,0.07,$0.02B,$0.01B,52.94%,$0.02B,$0.00B,11.76%,$0.02B,$0.00B,11.76%,$0.02B,$0.00B,23.53%,$0.02B,$0.00B,11.76%,$0.02B,$0.00B,11.76%,$0.00B,$0.01B,15.69%,$0.00B,$0.01B,15.69%,$0.00B,$0.02B,12.50%,$0.00B,$0.01B,14.81%,$5,$2,$3,$0,$2,$4,$1,$0,$1,$0,$1,$1,$1,$1,$1,$5,5,$0.14,$0.14,$1,$8,$0,$11,$0,$0,$0,$0,$0,$17,$2,$1,$0,$2,$4,$8,$5,$0,$14,$17,$2,$1,$0,$1,$0,$0,$0,$0,$-2,$0,$-1,$0,$0,$0,$0,$0,$-0,$-1,$0,$0,$-0,$0,$0,$0,$0,$0,$-1,$0,$0
44,2007-09-30,6.77,$0.00,0.0,$3.21,2.11,$0.48,14.16,$0.29,23.34,$0.01B,$0.00B,5.01,$0.00B,$0.01B,0.08,$0.02B,$0.01B,50.00%,$0.02B,$0.00B,12.50%,$0.02B,$0.00B,12.50%,$0.02B,$0.00B,25.00%,$0.02B,$0.00B,12.50%,$0.02B,$0.00B,6.25%,$0.00B,$0.01B,8.33%,$0.00B,$0.01B,8.33%,$0.00B,$0.02B,6.35%,$0.00B,$0.01B,15.09%,$4,$2,$2,$0,$1,$3,$1,$-0,$1,$0,$1,$1,$1,$1,$1,$5,5,$0.11,$0.10,$2,$7,$1,$11,$0,$0,$0,$0,$2,$17,$2,$1,$0,$2,$4,$8,$4,$0,$13,$17,$1,$0,$0,$0,$0,$0,$0,$0,$-0,$1,$-0,$0,$0,$0,$0,$0,$0,$-0,$0,$-0,$-0,$0,$0,$0,$0,$-0,$1,$0,$0
45,2007-06-30,6.98,$0.00,0.0,$3.03,2.31,$0.72,9.69,$0.24,29.08,$0.01B,$0.00B,7.25,$0.00B,$0.01B,0.09,$0.02B,$0.01B,53.33%,$0.02B,$0.00B,6.67%,$0.02B,$0.00B,6.67%,$0.02B,$0.00B,26.67%,$0.02B,$0.00B,6.67%,$0.02B,0,0.00%,$0.00B,$0.01B,0.00%,$0.00B,$0.01B,0.00%,$0.00B,$0.02B,0.00%,$0.00B,$0.01B,7.69%,$4,$2,$2,$0,$1,$3,$0,$-0,$0,$0,$0,$0,$0,$1,$0,$5,5,$0.06,$0.05,$2,$7,$0,$10,$0,$0,$0,$0,$2,$15,$1,$1,$0,$2,$3,$8,$4,$0,$12,$15,$0,$0,$0,$0,$0,$0,$0,$0,$-0,$0,$-0,$0,$0,$0,$0,$0,$0,$-0,$0,$-0,$-0,$0,$0,$0,$0,$-0,$-0,$0,$0
46,2007-03-31,6.97,$0.00,0.0,$2.98,2.34,$0.97,7.18,$0.24,29.04,$0.01B,$0.00B,6.84,$0.00B,$0.01B,0.1,$0.01B,$0.01B,57.14%,$0.01B,$0.00B,7.14%,$0.01B,$0.00B,7.14%,$0.01B,$0.00B,28.57%,$0.01B,$0.00B,7.14%,$0.01B,0,0.00%,$0.00B,$0.01B,0.00%,$0.00B,$0.01B,0.00%,$0.00B,$0.02B,0.00%,$0.00B,$0.01B,7.84%,$4,$2,$2,$0,$1,$3,$0,$0,$0,$0,$0,$0,$0,$1,$0,$5,5,$0.05,$0.05,$1,$7,$0,$9,$0,$0,$0,$0,$2,$15,$1,$1,$0,$2,$3,$8,$4,$0,$12,$15,$0,$0,$0,$0,$0,$0,$0,$0,$-1,$-0,$-0,$0,$0,$0,$0,$0,$-0,$-0,$0,$0,$-0,$0,$0,$0,$0,$-0,$-1,$0,$0
47,2006-12-31,6.82,$0.00,0.0,$3.03,2.25,$1.34,5.07,$0.26,26.23,$0.01B,$0.00B,4.3,$0.00B,$0.01B,0.11,$0.01B,$0.01B,57.14%,$0.01B,$0.00B,14.29%,$0.01B,$0.00B,14.29%,$0.01B,$0.00B,28.57%,$0.01B,$0.00B,14.29%,$0.01B,0,0.00%,$0.00B,$0.01B,0.00%,$0.00B,$0.01B,0.00%,$0.00B,$0.02B,0.00%,$0.00B,$0.01B,16.00%,$4,$3,$2,$0,$1,$4,$1,$-0,$1,$0,$0,$0,$0,$1,$1,$5,5,$0.09,$0.09,$2,$7,$0,$10,$0,$0,$0,$0,$2,$16,$2,$1,$0,$2,$4,$8,$3,$0,$11,$16,$1,$1,$0,$1,$0,$0,$0,$0,$0,$2,$-0,$0,$0,$0,$0,$0,$-0,$-0,$0,$0,$-1,$0,$0,$0,$0,$-1,$1,$0,$0
