,Date,Stock Price,Book Value per Share,Price to Book Ratio,TTM Sales per Share,Price to Sales Ratio,TTM FCF per Share,Price to FCF Ratio,TTM Net EPS,PE Ratio,Current Assets,Current Liabilities,Current Ratio,Long Term Debt,Shareholder's Equity_x,Debt to Equity Ratio,TTM Revenue_x,TTM Gross Profit,Gross Margin,TTM Revenue_y,TTM Operating Income,Operating Margin,TTM Revenue_x,TTM EBIT,EBIT Margin,TTM Revenue_y,TTM EBITDA,EBITDA Margin,TTM Revenue_x,TTM Pre-Tax Income,Pre-Tax Margin,TTM Revenue_y,TTM Net Income_x,Net Margin,TTM Net Income_y,Shareholder's Equity_y,Return on Equity,TTM Net Income_x,Tangible Equity,Return on Tangible Equity,TTM Net Income_y,Total Assets,Return on Assets,TTM Net Income,LT Investments & Debt,Return on Investment,revenue,cost-goods-sold,gross-profit,research-development-expenses,selling-general-administrative-expenses,operating-expenses,operating-income,total-non-operating-income-expense,pre-tax-income,total-provision-income-taxes,income-after-taxes,income-from-continuous-operations,net-income,ebitda,ebit,basic-shares-outstanding,shares-outstanding,eps-basic-net-earnings-per-share,eps-earnings-per-share-diluted,cash-on-hand,inventory,other-current-assets,total-current-assets,net-property-plant-equipment,long-term-investments,goodwill-intangible-assets-total,other-long-term-assets,total-long-term-assets,total-assets,total-current-liabilities,long-term-debt,other-non-current-liabilities,total-long-term-liabilities,total-liabilities,common-stock-net,retained-earnings-accumulated-deficit,comprehensive-income,total-share-holder-equity,total-liabilities-share-holders-equity,net-income-loss,total-depreciation-amortization-cash-flow,other-non-cash-items,total-non-cash-items,change-in-accounts-receivable,change-in-inventories,change-in-accounts-payable,change-in-assets-liabilities,total-change-in-assets-liabilities,cash-flow-from-operating-activities,net-change-in-property-plant-equipment,net-change-in-intangible-assets,net-acquisitions-divestitures,net-change-in-short-term-investments,net-change-in-long-term-investments,net-change-in-investments-total,investing-activities-other,cash-flow-from-investing-activities,net-long-term-debt,net-current-debt,debt-issuance-retirement-net-total,net-common-equity-issued-repurchased,net-total-equity-issued-repurchased,total-common-preferred-stock-dividends-paid,financial-activities-other,cash-flow-from-financial-activities,net-cash-flow,stock-based-compensation,common-stock-dividends-paid
0,2018-09-30,80.86,$24.99,3.24,$36.45,2.22,$3.39,23.88,$2.82,28.67,$1.12B,$0.59B,1.89,$1.09B,$1.54B,0.71,$2.33B,$0.61B,26.06%,$2.33B,$0.25B,10.62%,$2.33B,$0.25B,10.62%,$2.33B,$0.36B,15.61%,$2.33B,$0.22B,9.42%,$2.33B,$0.18B,7.74%,$0.18B,$1.54B,12.28%,$0.18B,$0.02B,52.48%,$0.18B,$3.79B,5.49%,$0.25B,$2.63B,10.58%,$719,$544,$176,$37,$52,$633,$86,$-7,$79,$5,$75,$75,$75,$130,$86,$61,64,$1.20,$1.16,$84,$550,$43,$1115,$1060,$0,$1514,$85,$2676,$3791,$591,$1092,$398,$1661,$2253,$0,$1967,$-75,$1538,$3791,$180,$116,$-12,$104,$-6,$-8,$0,$-5,$15,$299,$-125,$0,$-771,$-0,$0,$-0,$0,$-897,$400,$238,$638,$9,$9,$-34,$-7,$606,$-4,$18,$-34
1,2018-06-30,76.72,$23.85,3.22,$34.74,2.21,$4.11,18.68,$2.64,29.06,$1.14B,$0.54B,2.11,$1.21B,$1.47B,0.83,$2.21B,$0.60B,27.20%,$2.21B,$0.25B,11.39%,$2.21B,$0.25B,11.39%,$2.21B,$0.35B,15.59%,$2.21B,$0.23B,10.26%,$2.21B,$0.17B,7.55%,$0.17B,$1.47B,11.73%,$0.17B,$-0.07B,33.55%,$0.17B,$3.80B,5.53%,$0.25B,$2.68B,11.64%,$588,$428,$160,$39,$55,$522,$66,$-12,$54,$5,$49,$49,$49,$95,$66,$62,64,$0.80,$0.77,$114,$589,$39,$1137,$1044,$0,$1535,$73,$2667,$3804,$540,$1211,$416,$1798,$2338,$0,$1901,$-77,$1466,$3804,$106,$72,$-5,$67,$42,$-46,$0,$-18,$-11,$162,$-88,$0,$-771,$8,$0,$8,$0,$-851,$400,$346,$746,$7,$7,$-25,$-7,$721,$27,$16,$-25
2,2018-03-31,71.4,$23.76,3.01,$34.19,2.09,$4.89,14.61,$2.72,26.25,$1.03B,$0.35B,2.92,$0.59B,$1.46B,0.4,$2.17B,$0.60B,27.41%,$2.17B,$0.26B,12.01%,$2.17B,$0.26B,12.01%,$2.17B,$0.35B,15.87%,$2.17B,$0.24B,11.13%,$2.17B,$0.17B,7.91%,$0.17B,$1.46B,12.43%,$0.17B,$0.74B,26.12%,$0.17B,$2.79B,6.28%,$0.26B,$2.05B,13.28%,$548,$401,$147,$37,$39,$495,$53,$-5,$49,$10,$38,$38,$38,$75,$53,$61,64,$0.63,$0.60,$100,$509,$31,$1029,$943,$0,$717,$75,$1757,$2786,$352,$588,$366,$977,$1329,$0,$1861,$-41,$1457,$2786,$57,$43,$2,$45,$42,$-32,$0,$-6,$-45,$57,$-57,$0,$0,$8,$0,$8,$0,$-49,$-0,$9,$9,$4,$4,$-16,$0,$-4,$13,$14,$-16
3,2017-12-31,76.11,$22.94,3.32,$33.47,2.27,$6.32,12.04,$2.72,27.98,$0.98B,$0.35B,2.77,$0.58B,$1.40B,0.42,$2.13B,$0.58B,27.38%,$2.13B,$0.26B,12.37%,$2.13B,$0.26B,12.37%,$2.13B,$0.35B,16.23%,$2.13B,$0.24B,11.43%,$2.13B,$0.17B,8.09%,$0.17B,$1.40B,12.90%,$0.17B,$0.68B,28.54%,$0.17B,$2.73B,6.39%,$0.26B,$1.98B,13.78%,$470,$347,$123,$35,$46,$428,$42,$-5,$37,$19,$18,$18,$18,$63,$42,$61,64,$0.30,$0.29,$86,$504,$40,$979,$930,$0,$722,$73,$1746,$2725,$353,$583,$366,$972,$1325,$0,$1831,$-48,$1401,$2725,$18,$21,$0,$21,$73,$-29,$0,$-8,$-42,$-3,$-28,$0,$0,$-1,$0,$-1,$0,$-29,$-0,$34,$34,$1,$1,$-8,$0,$27,$-2,$12,$-8
4,2017-09-30,77.05,$22.47,3.43,$33.04,2.33,$7.36,10.48,$3.16,24.38,$1.02B,$0.43B,2.39,$0.58B,$1.37B,0.42,$2.10B,$0.57B,27.30%,$2.10B,$0.27B,12.86%,$2.10B,$0.27B,12.86%,$2.10B,$0.35B,16.67%,$2.10B,$0.25B,12.05%,$2.10B,$0.20B,9.58%,$0.20B,$1.37B,15.59%,$0.20B,$0.64B,36.36%,$0.20B,$2.76B,7.57%,$0.27B,$1.95B,14.51%,$607,$435,$172,$35,$46,$516,$91,$-4,$87,$25,$62,$62,$62,$112,$91,$61,64,$1.02,$0.98,$88,$474,$39,$1021,$922,$0,$728,$66,$1736,$2757,$427,$580,$345,$958,$1386,$0,$1820,$-53,$1371,$2757,$201,$81,$36,$117,$-53,$-11,$0,$-14,$-10,$308,$-89,$0,$0,$-3,$0,$-3,$0,$-92,$-0,$-124,$-125,$-58,$-58,$-30,$0,$-212,$6,$17,$-30
5,2017-06-30,66.97,$21.40,3.13,$32.79,2.04,$8.10,8.27,$3.17,21.13,$0.97B,$0.44B,2.21,$0.57B,$1.31B,0.44,$2.08B,$0.56B,26.79%,$2.08B,$0.26B,12.67%,$2.08B,$0.26B,12.67%,$2.08B,$0.34B,16.42%,$2.08B,$0.25B,11.86%,$2.08B,$0.20B,9.70%,$0.20B,$1.31B,16.17%,$0.20B,$0.57B,39.86%,$0.20B,$2.68B,7.69%,$0.26B,$1.88B,14.50%,$549,$395,$154,$35,$45,$474,$75,$-6,$69,$15,$54,$54,$54,$95,$75,$61,63,$0.87,$0.85,$89,$508,$39,$966,$903,$0,$734,$51,$1714,$2679,$437,$574,$352,$934,$1371,$0,$1766,$-69,$1308,$2679,$138,$60,$10,$70,$26,$-48,$0,$-13,$-24,$184,$-61,$0,$0,$-2,$0,$-2,$0,$-64,$-0,$-40,$-40,$-49,$-49,$-22,$0,$-111,$8,$16,$-22
6,2017-03-31,67.18,$20.54,3.27,$32.18,2.09,$9.96,6.74,$3.13,21.46,$0.91B,$0.42B,2.16,$0.56B,$1.26B,0.45,$2.04B,$0.54B,26.49%,$2.04B,$0.25B,12.39%,$2.04B,$0.25B,12.39%,$2.04B,$0.33B,16.06%,$2.04B,$0.24B,11.80%,$2.04B,$0.20B,9.75%,$0.20B,$1.26B,16.42%,$0.20B,$0.52B,42.98%,$0.20B,$2.61B,7.60%,$0.25B,$1.82B,13.97%,$500,$367,$133,$30,$48,$445,$55,$-5,$50,$12,$38,$38,$38,$75,$55,$61,63,$0.62,$0.60,$79,$506,$29,$911,$888,$0,$739,$50,$1697,$2607,$421,$562,$360,$931,$1352,$0,$1720,$-73,$1255,$2607,$85,$39,$15,$54,$61,$-48,$0,$-1,$-8,$130,$-39,$0,$0,$5,$0,$5,$0,$-34,$-0,$-22,$-23,$-51,$-51,$-14,$0,$-88,$-2,$14,$-14
7,2016-12-31,68.18,$19.97,3.41,$31.90,2.14,$12.73,5.36,$3.18,21.44,$0.89B,$0.42B,2.12,$0.57B,$1.22B,0.47,$2.02B,$0.54B,26.77%,$2.02B,$0.26B,12.67%,$2.02B,$0.26B,12.67%,$2.02B,$0.33B,16.13%,$2.02B,$0.25B,12.12%,$2.02B,$0.20B,10.00%,$0.20B,$1.22B,17.14%,$0.20B,$0.48B,47.90%,$0.20B,$2.58B,7.74%,$0.26B,$1.79B,14.30%,$443,$329,$114,$27,$38,$394,$49,$-2,$47,$1,$47,$47,$47,$68,$49,$62,64,$0.76,$0.73,$81,$494,$34,$885,$877,$0,$744,$51,$1691,$2576,$416,$570,$358,$937,$1354,$0,$1689,$-80,$1222,$2576,$47,$19,$2,$21,$88,$-38,$0,$-5,$-15,$52,$-17,$0,$0,$1,$0,$1,$0,$-17,$-0,$4,$4,$-19,$-19,$-7,$0,$-22,$-0,$1,$-7
8,2016-09-30,61.59,$19.74,3.12,$31.85,1.93,$12.28,5.02,$2.85,21.61,$0.94B,$0.48B,1.97,$0.58B,$1.21B,0.48,$2.02B,$0.54B,26.64%,$2.02B,$0.24B,11.81%,$2.02B,$0.24B,11.81%,$2.02B,$0.31B,15.18%,$2.02B,$0.23B,11.17%,$2.02B,$0.18B,8.95%,$0.18B,$1.21B,15.62%,$0.18B,$0.46B,45.88%,$0.18B,$2.64B,6.98%,$0.24B,$1.79B,13.10%,$591,$434,$157,$64,$60,$506,$85,$-4,$81,$18,$63,$63,$63,$104,$85,$62,64,$1.02,$0.99,$81,$462,$38,$944,$876,$0,$753,$48,$1698,$2642,$481,$577,$368,$949,$1430,$0,$1650,$-66,$1213,$2642,$181,$69,$208,$277,$-9,$-18,$0,$-12,$-23,$435,$-169,$0,$0,$-5,$0,$-5,$0,$-174,$72,$-196,$-124,$-110,$-110,$-27,$-1,$-261,$-1,$15,$-27
9,2016-06-30,56.71,$18.90,3.0,$31.07,1.83,$8.27,6.86,$2.63,21.56,$0.95B,$0.45B,2.1,$0.69B,$1.16B,0.59,$2.00B,$0.53B,26.72%,$2.00B,$0.23B,11.58%,$2.00B,$0.23B,11.58%,$2.00B,$0.30B,14.99%,$2.00B,$0.21B,10.73%,$2.00B,$0.17B,8.42%,$0.17B,$1.16B,14.69%,$0.17B,$0.40B,45.10%,$0.17B,$2.65B,6.56%,$0.23B,$1.84B,12.30%,$508,$371,$137,$30,$36,$444,$64,$-0,$63,$12,$51,$51,$51,$81,$64,$61,63,$0.83,$0.81,$118,$500,$36,$951,$844,$0,$760,$47,$1696,$2646,$452,$685,$350,$1036,$1488,$0,$1593,$-58,$1159,$2646,$118,$50,$172,$222,$40,$-56,$0,$-12,$23,$362,$-123,$0,$0,$0,$0,$0,$0,$-123,$-107,$39,$-68,$-113,$-113,$-20,$0,$-201,$36,$13,$-20
10,2016-03-31,51.08,$18.33,2.79,$30.50,1.67,$4.21,12.12,$2.48,20.6,$0.89B,$0.48B,1.86,$0.62B,$1.12B,0.55,$1.98B,$0.54B,27.19%,$1.98B,$0.23B,11.60%,$1.98B,$0.23B,11.60%,$1.98B,$0.30B,15.14%,$1.98B,$0.21B,10.54%,$1.98B,$0.16B,8.12%,$0.16B,$1.12B,14.18%,$0.16B,$0.35B,45.13%,$0.16B,$2.57B,6.37%,$0.23B,$1.74B,11.99%,$479,$346,$133,$32,$37,$422,$58,$-3,$54,$14,$41,$41,$41,$73,$58,$62,63,$0.66,$0.65,$85,$493,$36,$892,$826,$0,$768,$45,$1677,$2569,$479,$617,$353,$971,$1450,$0,$1549,$-50,$1119,$2569,$67,$33,$178,$211,$54,$-46,$0,$-5,$84,$362,$-97,$0,$0,$0,$0,$0,$0,$-97,$-50,$-86,$-136,$-113,$-113,$-13,$0,$-261,$3,$11,$-13
11,2015-12-31,48.65,$18.31,2.66,$30.31,1.61,$0.26,184.76,$2.49,19.54,$0.91B,$0.38B,2.38,$0.79B,$1.14B,0.69,$2.00B,$0.54B,27.25%,$2.00B,$0.23B,11.72%,$2.00B,$0.23B,11.72%,$2.00B,$0.31B,15.38%,$2.00B,$0.21B,10.67%,$2.00B,$0.16B,8.22%,$0.16B,$1.14B,14.20%,$0.16B,$0.37B,44.44%,$0.16B,$2.52B,6.56%,$0.23B,$1.93B,11.93%,$445,$333,$112,$0,$41,$413,$32,$-4,$28,$2,$26,$26,$26,$49,$32,$63,64,$0.41,$0.40,$84,$470,$45,$908,$782,$0,$774,$43,$1608,$2516,$381,$787,$112,$992,$1373,$0,$1515,$-60,$1143,$2516,$26,$17,$17,$34,$75,$-25,$0,$-4,$-22,$37,$-31,$0,$0,$0,$0,$0,$0,$-31,$-50,$84,$34,$-29,$-29,$-6,$0,$-1,$2,$8,$-6
12,2015-09-30,39.78,$18.30,2.17,$30.71,1.3,$0.04,1020.08,$2.75,14.47,$0.92B,$0.34B,2.71,$0.85B,$1.15B,0.74,$2.04B,$0.58B,28.25%,$2.04B,$0.26B,12.95%,$2.04B,$0.26B,12.95%,$2.04B,$0.34B,16.63%,$2.04B,$0.24B,11.87%,$2.04B,$0.18B,8.93%,$0.18B,$1.15B,15.70%,$0.18B,$0.37B,49.69%,$0.18B,$2.51B,7.40%,$0.26B,$2.00B,13.58%,$563,$412,$151,$37,$60,$486,$77,$-8,$69,$19,$50,$50,$50,$96,$77,$65,66,$0.79,$0.77,$82,$448,$44,$917,$756,$0,$782,$44,$1595,$2512,$338,$848,$116,$1021,$1359,$0,$1495,$-51,$1153,$2512,$181,$75,$29,$104,$15,$-9,$0,$9,$10,$296,$-284,$0,$0,$0,$0,$0,$0,$-284,$0,$143,$143,$-150,$-150,$-25,$-2,$-34,$-33,$14,$-25
13,2015-06-30,53.64,$17.73,3.03,$30.53,1.76,$0.86,62.5,$2.75,19.51,$0.97B,$0.32B,3.08,$0.88B,$1.13B,0.78,$2.04B,$0.59B,29.05%,$2.04B,$0.27B,13.08%,$2.04B,$0.27B,13.08%,$2.04B,$0.34B,16.76%,$2.04B,$0.25B,12.15%,$2.04B,$0.18B,9.02%,$0.18B,$1.13B,15.84%,$0.18B,$0.34B,51.11%,$0.18B,$2.51B,7.57%,$0.27B,$2.00B,13.97%,$495,$351,$143,$34,$39,$432,$63,$-6,$58,$14,$44,$44,$44,$82,$63,$65,66,$0.68,$0.66,$87,$486,$47,$969,$688,$0,$791,$53,$1542,$2512,$315,$875,$96,$1070,$1384,$0,$1452,$-29,$1127,$2512,$131,$56,$12,$68,$65,$-45,$0,$4,$-28,$171,$-188,$0,$0,$0,$0,$0,$0,$-188,$0,$168,$168,$-149,$-149,$-18,$-2,$-1,$-28,$11,$-18
14,2015-03-31,49.66,$18.31,2.71,$30.87,1.61,$2.30,21.6,$2.78,17.86,$0.97B,$0.37B,2.61,$0.71B,$1.20B,0.6,$2.07B,$0.60B,29.08%,$2.07B,$0.27B,13.14%,$2.07B,$0.27B,13.14%,$2.07B,$0.35B,16.76%,$2.07B,$0.25B,12.17%,$2.07B,$0.19B,8.99%,$0.19B,$1.20B,15.99%,$0.19B,$0.40B,52.69%,$0.19B,$2.47B,7.80%,$0.27B,$1.91B,14.62%,$493,$356,$138,$30,$38,$432,$62,$-4,$58,$14,$44,$44,$44,$80,$62,$65,67,$0.67,$0.66,$81,$476,$44,$973,$633,$0,$796,$56,$1492,$2465,$372,$713,$94,$897,$1269,$0,$1414,$-36,$1196,$2465,$88,$37,$11,$48,$26,$-36,$0,$0,$-12,$123,$-107,$0,$0,$0,$0,$0,$0,$-107,$0,$3,$3,$-30,$-30,$-12,$0,$-38,$-35,$8,$-12
15,2014-12-31,47.83,$17.88,2.67,$30.56,1.56,$2.88,16.59,$2.78,17.2,$0.92B,$0.30B,3.03,$0.70B,$1.16B,0.6,$2.06B,$0.61B,29.43%,$2.06B,$0.27B,13.26%,$2.06B,$0.27B,13.26%,$2.06B,$0.35B,16.95%,$2.06B,$0.25B,12.19%,$2.06B,$0.19B,9.08%,$0.19B,$1.16B,16.31%,$0.19B,$0.36B,57.23%,$0.19B,$2.36B,8.03%,$0.27B,$1.86B,15.07%,$488,$344,$144,$34,$40,$425,$62,$-5,$57,$13,$44,$44,$44,$81,$62,$65,67,$0.67,$0.66,$58,$468,$44,$920,$566,$0,$805,$57,$1434,$2355,$304,$700,$100,$889,$1192,$0,$1377,$-15,$1162,$2355,$44,$19,$8,$27,$44,$-22,$0,$1,$-32,$38,$-47,$0,$0,$0,$0,$0,$0,$-47,$0,$-10,$-10,$-31,$-31,$-5,$1,$-45,$-57,$5,$-5
16,2014-09-30,46.19,$17.76,2.6,$29.47,1.57,$3.12,14.81,$2.46,18.78,$1.01B,$0.34B,2.97,$0.71B,$1.16B,0.61,$2.00B,$0.58B,28.80%,$2.00B,$0.25B,12.45%,$2.00B,$0.25B,12.45%,$2.00B,$0.33B,16.25%,$2.00B,$0.23B,11.35%,$2.00B,$0.17B,8.30%,$0.17B,$1.16B,14.58%,$0.17B,$0.35B,53.72%,$0.17B,$2.40B,7.25%,$0.25B,$1.87B,14.03%,$565,$398,$168,$38,$42,$486,$80,$-4,$75,$23,$52,$52,$52,$99,$80,$66,68,$0.78,$0.76,$115,$452,$47,$1009,$513,$0,$814,$54,$1389,$2397,$340,$710,$101,$896,$1236,$0,$1338,$-4,$1161,$2397,$166,$77,$0,$78,$31,$-28,$0,$-8,$30,$274,$-206,$0,$0,$0,$0,$0,$0,$-206,$-50,$210,$160,$-133,$-133,$-21,$-1,$4,$67,$11,$-21
17,2014-06-30,48.6,$17.32,2.81,$29.15,1.67,$3.29,14.77,$2.45,19.84,$0.99B,$0.33B,3.04,$0.67B,$1.13B,0.59,$1.99B,$0.58B,28.95%,$1.99B,$0.25B,12.54%,$1.99B,$0.25B,12.54%,$1.99B,$0.33B,16.31%,$1.99B,$0.23B,11.39%,$1.99B,$0.17B,8.33%,$0.17B,$1.13B,14.64%,$0.17B,$0.31B,56.18%,$0.17B,$2.32B,7.39%,$0.25B,$1.80B,14.66%,$524,$373,$152,$35,$40,$456,$68,$-5,$62,$16,$46,$46,$46,$87,$68,$66,67,$0.70,$0.69,$96,$469,$48,$986,$436,$0,$826,$57,$1337,$2323,$325,$665,$97,$864,$1189,$0,$1292,$20,$1134,$2323,$114,$58,$1,$58,$57,$-39,$0,$-17,$11,$184,$-104,$0,$0,$0,$0,$0,$0,$-104,$-50,$165,$115,$-133,$-133,$-16,$1,$-33,$47,$9,$-16
18,2014-03-31,40.15,$17.04,2.36,$28.31,1.42,$2.89,13.87,$2.10,19.12,$0.93B,$0.32B,2.92,$0.58B,$1.13B,0.52,$1.95B,$0.56B,28.62%,$1.95B,$0.22B,11.47%,$1.95B,$0.22B,11.47%,$1.95B,$0.30B,15.31%,$1.95B,$0.20B,10.24%,$1.95B,$0.14B,7.37%,$0.14B,$1.13B,12.90%,$0.14B,$0.30B,52.32%,$0.14B,$2.24B,6.56%,$0.22B,$1.71B,13.71%,$482,$340,$142,$36,$35,$420,$63,$-6,$57,$12,$45,$45,$45,$82,$63,$67,68,$0.67,$0.66,$57,$459,$44,$929,$401,$0,$835,$56,$1309,$2238,$318,$584,$101,$791,$1109,$0,$1251,$20,$1130,$2238,$68,$39,$2,$41,$59,$-28,$0,$-7,$16,$125,$-68,$0,$0,$0,$0,$0,$0,$-68,$-50,$105,$55,$-94,$-94,$-11,$1,$-48,$8,$6,$-11
19,2013-12-31,44.01,$16.82,2.62,$28.15,1.56,$2.73,16.15,$2.05,21.47,$0.91B,$0.27B,3.34,$0.58B,$1.13B,0.52,$1.96B,$0.55B,28.31%,$1.96B,$0.22B,11.09%,$1.96B,$0.22B,11.09%,$1.96B,$0.29B,14.97%,$1.96B,$0.19B,9.86%,$1.96B,$0.14B,7.20%,$0.14B,$1.13B,12.81%,$0.14B,$0.29B,54.81%,$0.14B,$2.20B,6.52%,$0.22B,$1.71B,13.70%,$429,$315,$114,$29,$37,$391,$38,$-5,$33,$10,$23,$23,$23,$57,$38,$68,69,$0.35,$0.34,$55,$453,$42,$910,$376,$0,$843,$56,$1290,$2200,$272,$584,$108,$798,$1070,$0,$1212,$20,$1130,$2200,$23,$19,$3,$22,$73,$-21,$0,$-6,$-1,$44,$-37,$0,$0,$0,$0,$0,$0,$-37,$-50,$94,$44,$-39,$-39,$-5,$-1,$-2,$6,$4,$-5
20,2013-09-30,39.32,$16.78,2.34,$27.79,1.41,$2.76,14.22,$2.10,18.72,$0.96B,$0.42B,2.3,$0.45B,$1.14B,0.39,$1.94B,$0.56B,28.87%,$1.94B,$0.22B,11.57%,$1.94B,$0.22B,11.57%,$1.94B,$0.30B,15.44%,$1.94B,$0.20B,10.28%,$1.94B,$0.15B,7.49%,$0.15B,$1.14B,13.44%,$0.15B,$0.29B,62.37%,$0.15B,$2.22B,6.83%,$0.22B,$1.59B,14.65%,$558,$389,$169,$31,$48,$477,$81,$-6,$75,$23,$52,$52,$52,$99,$81,$68,70,$0.76,$0.76,$49,$432,$39,$957,$350,$0,$850,$47,$1261,$2219,$416,$450,$106,$660,$1076,$0,$1194,$15,$1143,$2219,$146,$74,$13,$87,$-10,$-1,$0,$-6,$-10,$223,$-141,$0,$-199,$0,$0,$0,$0,$-340,$158,$-0,$158,$-37,$-37,$-22,$4,$102,$-13,$9,$-22
21,2013-06-30,38.44,$15.63,2.46,$27.29,1.41,$2.73,14.11,$2.00,19.22,$0.94B,$0.40B,2.35,$0.45B,$1.06B,0.42,$1.91B,$0.55B,28.95%,$1.91B,$0.22B,11.27%,$1.91B,$0.22B,11.27%,$1.91B,$0.29B,15.05%,$1.91B,$0.19B,9.96%,$1.91B,$0.14B,7.29%,$0.14B,$1.06B,13.30%,$0.14B,$0.23B,58.59%,$0.14B,$2.12B,6.83%,$0.22B,$1.51B,14.54%,$484,$349,$134,$35,$47,$441,$42,$-7,$35,$12,$24,$24,$24,$61,$42,$68,69,$0.35,$0.34,$61,$448,$38,$941,$291,$0,$836,$44,$1180,$2121,$400,$450,$126,$658,$1058,$0,$1147,$-14,$1063,$2121,$93,$56,$3,$59,$25,$-20,$0,$-5,$-19,$133,$-78,$0,$-199,$0,$0,$0,$0,$-277,$158,$35,$193,$-38,$-38,$-16,$5,$143,$-1,$7,$-16
22,2013-03-31,38.13,$15.59,2.45,$26.86,1.42,$2.21,17.22,$2.06,18.51,$0.94B,$0.38B,2.47,$0.45B,$1.07B,0.42,$1.88B,$0.55B,29.16%,$1.88B,$0.22B,11.52%,$1.88B,$0.22B,11.52%,$1.88B,$0.29B,15.29%,$1.88B,$0.19B,10.25%,$1.88B,$0.14B,7.59%,$0.14B,$1.07B,13.96%,$0.14B,$0.22B,57.26%,$0.14B,$2.11B,7.33%,$0.22B,$1.52B,15.01%,$486,$348,$137,$34,$37,$429,$56,$-6,$50,$8,$42,$42,$42,$76,$56,$69,70,$0.62,$0.61,$55,$452,$39,$936,$271,$0,$845,$44,$1169,$2105,$378,$450,$132,$658,$1036,$0,$1129,$-16,$1068,$2105,$70,$38,$-3,$35,$26,$-25,$0,$-2,$-12,$93,$-47,$0,$-199,$0,$0,$0,$0,$-246,$158,$5,$163,$-11,$-11,$-11,$4,$146,$-7,$5,$-11
23,2012-12-31,36.49,$15.22,2.4,$26.56,1.37,$1.30,28.09,$2.00,18.25,$0.90B,$0.37B,2.44,$0.45B,$1.04B,0.43,$1.87B,$0.56B,29.90%,$1.87B,$0.22B,11.84%,$1.87B,$0.22B,11.84%,$1.87B,$0.29B,15.54%,$1.87B,$0.20B,10.56%,$1.87B,$0.14B,7.50%,$0.14B,$1.04B,13.94%,$0.14B,$0.19B,53.38%,$0.14B,$2.05B,7.45%,$0.22B,$1.49B,15.63%,$408,$290,$119,$30,$36,$364,$45,$-6,$39,$11,$27,$27,$27,$63,$45,$68,70,$0.40,$0.39,$69,$446,$36,$898,$265,$0,$852,$25,$1151,$2049,$368,$450,$115,$642,$1009,$0,$1092,$-6,$1040,$2049,$27,$18,$-1,$17,$71,$-16,$0,$-3,$-5,$40,$-30,$0,$-199,$0,$0,$0,$0,$-229,$198,$-0,$198,$1,$1,$-5,$2,$195,$8,$3,$-5
24,2012-09-30,32.44,$14.73,2.2,$26.50,1.22,$0.94,34.4,$2.01,16.14,$0.90B,$0.28B,3.23,$0.38B,$1.01B,0.38,$1.87B,$0.56B,30.12%,$1.87B,$0.22B,11.90%,$1.87B,$0.22B,11.90%,$1.87B,$0.29B,15.59%,$1.87B,$0.20B,10.61%,$1.87B,$0.14B,7.56%,$0.14B,$1.01B,14.41%,$0.14B,$0.31B,52.32%,$0.14B,$1.86B,7.83%,$0.22B,$1.39B,16.12%,$529,$367,$162,$36,$46,$457,$72,$-6,$66,$20,$46,$46,$46,$87,$72,$69,70,$0.68,$0.66,$62,$398,$41,$903,$235,$0,$697,$16,$956,$1860,$280,$384,$109,$572,$852,$0,$1070,$-12,$1008,$1860,$142,$69,$1,$70,$-59,$-19,$0,$-9,$-67,$144,$-65,$0,$0,$0,$0,$0,$0,$-65,$-33,$0,$-33,$-38,$-38,$-21,$2,$-90,$-13,$9,$-21
25,2012-06-30,37.58,$14.33,2.62,$25.95,1.45,$0.76,49.48,$1.95,19.27,$0.85B,$0.24B,3.61,$0.40B,$0.98B,0.41,$1.83B,$0.55B,30.07%,$1.83B,$0.22B,11.77%,$1.83B,$0.22B,11.77%,$1.83B,$0.29B,15.77%,$1.83B,$0.19B,10.46%,$1.83B,$0.14B,7.50%,$0.14B,$0.98B,14.32%,$0.14B,$0.28B,57.38%,$0.14B,$1.79B,7.69%,$0.22B,$1.38B,15.80%,$460,$329,$131,$39,$40,$416,$44,$-6,$38,$9,$28,$28,$28,$62,$44,$69,70,$0.41,$0.40,$40,$424,$41,$852,$214,$0,$704,$16,$942,$1794,$236,$401,$91,$577,$814,$0,$1029,$-8,$981,$1794,$95,$54,$3,$57,$-8,$-47,$0,$-10,$-89,$64,$-44,$0,$0,$0,$0,$0,$0,$-44,$-16,$5,$-12,$-26,$-26,$-16,$2,$-52,$-35,$7,$-16
26,2012-03-31,40.72,$14.29,2.85,$25.66,1.59,$0.68,59.7,$2.06,19.77,$0.86B,$0.26B,3.37,$0.40B,$0.99B,0.41,$1.80B,$0.55B,30.60%,$1.80B,$0.23B,12.64%,$1.80B,$0.23B,12.64%,$1.80B,$0.30B,16.80%,$1.80B,$0.20B,11.31%,$1.80B,$0.15B,8.04%,$0.15B,$0.99B,15.50%,$0.15B,$0.27B,69.80%,$0.15B,$1.82B,8.17%,$0.23B,$1.39B,16.99%,$469,$322,$146,$37,$41,$409,$60,$-6,$54,$15,$39,$39,$39,$78,$60,$69,71,$0.56,$0.55,$56,$417,$35,$863,$214,$0,$715,$16,$953,$1816,$256,$403,$89,$572,$828,$0,$1006,$7,$988,$1816,$67,$36,$-0,$36,$-11,$-35,$0,$-10,$-91,$12,$-30,$0,$0,$0,$0,$0,$0,$-30,$-15,$32,$18,$-9,$-9,$-10,$1,$-0,$-18,$5,$-10
27,2011-12-31,38.84,$13.61,2.85,$24.99,1.55,$0.94,41.36,$1.97,19.72,$0.78B,$0.22B,3.57,$0.41B,$0.94B,0.43,$1.75B,$0.53B,30.33%,$1.75B,$0.22B,12.54%,$1.75B,$0.22B,12.54%,$1.75B,$0.30B,16.88%,$1.75B,$0.20B,11.17%,$1.75B,$0.14B,7.87%,$0.14B,$0.94B,15.28%,$0.14B,$0.22B,78.86%,$0.14B,$1.74B,7.93%,$0.22B,$1.34B,16.78%,$408,$284,$123,$31,$39,$362,$46,$-6,$40,$12,$28,$28,$28,$64,$46,$69,70,$0.41,$0.40,$50,$408,$28,$783,$207,$0,$721,$15,$953,$1736,$219,$405,$87,$579,$798,$0,$973,$-4,$938,$1736,$28,$18,$2,$20,$44,$-29,$0,$-5,$-46,$2,$-17,$0,$0,$0,$0,$0,$0,$-17,$-13,$10,$-3,$-2,$-2,$-5,$2,$-8,$-24,$4,$-5
28,2011-09-30,25.96,$13.40,1.94,$24.40,1.06,$1.11,23.45,$1.89,13.74,$0.82B,$0.28B,2.91,$0.41B,$0.92B,0.44,$1.71B,$0.51B,29.98%,$1.71B,$0.21B,12.45%,$1.71B,$0.21B,12.45%,$1.71B,$0.29B,16.95%,$1.71B,$0.19B,10.93%,$1.71B,$0.13B,7.71%,$0.13B,$0.92B,15.12%,$0.13B,$0.19B,91.19%,$0.13B,$1.78B,7.72%,$0.21B,$1.33B,16.60%,$489,$340,$149,$36,$39,$424,$65,$-7,$59,$17,$42,$42,$42,$84,$65,$69,70,$0.60,$0.60,$75,$382,$23,$818,$207,$0,$731,$15,$964,$1781,$281,$407,$89,$581,$862,$0,$950,$4,$919,$1781,$132,$75,$-6,$69,$-49,$-77,$0,$-7,$-87,$115,$-48,$0,$-47,$8,$0,$8,$0,$-87,$-18,$-18,$-37,$-4,$-4,$-19,$4,$-56,$-31,$7,$-19
29,2011-06-30,32.95,$13.06,2.52,$23.32,1.41,$2.40,13.71,$1.76,18.72,$0.80B,$0.28B,2.9,$0.41B,$0.90B,0.46,$1.63B,$0.49B,29.87%,$1.63B,$0.20B,12.42%,$1.63B,$0.20B,12.42%,$1.63B,$0.28B,17.14%,$1.63B,$0.18B,10.89%,$1.63B,$0.12B,7.53%,$0.12B,$0.90B,14.57%,$0.12B,$0.15B,106.26%,$0.12B,$1.76B,7.32%,$0.20B,$1.31B,16.13%,$438,$304,$134,$29,$38,$381,$57,$-6,$51,$15,$36,$36,$36,$77,$57,$69,70,$0.52,$0.51,$73,$388,$26,$800,$200,$0,$745,$16,$963,$1763,$276,$409,$91,$588,$864,$0,$913,$21,$898,$1763,$91,$57,$2,$60,$-12,$-77,$0,$-8,$-103,$47,$-33,$0,$-47,$8,$0,$8,$0,$-72,$-17,$23,$6,$-5,$-5,$-14,$3,$-10,$-33,$5,$-14
30,2011-03-31,32.6,$12.47,2.62,$22.17,1.47,$4.25,7.68,$1.70,19.18,$0.75B,$0.24B,3.17,$0.41B,$0.86B,0.48,$1.55B,$0.46B,29.64%,$1.55B,$0.19B,12.31%,$1.55B,$0.19B,12.31%,$1.55B,$0.27B,17.14%,$1.55B,$0.17B,10.63%,$1.55B,$0.12B,7.67%,$0.12B,$0.86B,14.75%,$0.12B,$0.14B,147.37%,$0.12B,$1.68B,7.29%,$0.19B,$1.27B,15.56%,$419,$293,$126,$27,$38,$367,$52,$-6,$46,$14,$32,$32,$32,$71,$52,$69,70,$0.47,$0.46,$61,$358,$25,$749,$195,$0,$715,$16,$932,$1681,$236,$411,$87,$587,$824,$0,$881,$14,$857,$1681,$54,$37,$6,$43,$-8,$-60,$0,$-8,$-77,$20,$-20,$0,$0,$0,$0,$0,$0,$-20,$-15,$-18,$-33,$-6,$-6,$-9,$2,$-45,$-45,$4,$-9
31,2010-12-31,35.36,$11.90,2.97,$21.19,1.67,$5.85,6.05,$1.58,22.38,$0.68B,$0.21B,3.32,$0.41B,$0.82B,0.5,$1.48B,$0.44B,29.62%,$1.48B,$0.18B,12.28%,$1.48B,$0.18B,12.28%,$1.48B,$0.26B,17.34%,$1.48B,$0.16B,10.46%,$1.48B,$0.11B,7.49%,$0.11B,$0.82B,14.26%,$0.11B,$0.10B,250.85%,$0.11B,$1.61B,6.88%,$0.18B,$1.23B,15.07%,$365,$261,$104,$24,$33,$326,$39,$-7,$31,$9,$22,$22,$22,$58,$39,$69,70,$0.33,$0.32,$61,$326,$24,$680,$192,$0,$722,$10,$930,$1610,$205,$413,$86,$587,$792,$0,$854,$4,$818,$1610,$22,$19,$3,$22,$24,$-32,$0,$-3,$-37,$7,$-10,$0,$0,$0,$0,$0,$0,$-10,$-13,$-20,$-32,$-6,$-6,$-4,$2,$-40,$-44,$2,$-4
32,2010-09-30,30.47,$11.69,2.61,$20.86,1.46,$6.64,4.59,$1.58,19.28,$0.72B,$0.26B,2.74,$0.43B,$0.80B,0.53,$1.46B,$0.44B,29.88%,$1.46B,$0.18B,12.50%,$1.46B,$0.18B,12.50%,$1.46B,$0.26B,17.65%,$1.46B,$0.16B,10.65%,$1.46B,$0.11B,7.62%,$0.11B,$0.80B,14.67%,$0.11B,$0.07B,888.00%,$0.11B,$1.66B,6.88%,$0.18B,$1.23B,15.08%,$412,$288,$124,$23,$38,$357,$55,$-6,$50,$17,$33,$33,$33,$74,$55,$68,70,$0.48,$0.48,$106,$295,$18,$719,$194,$0,$731,$11,$944,$1663,$263,$425,$84,$597,$860,$0,$836,$6,$803,$1663,$111,$76,$18,$94,$-41,$6,$0,$-21,$-20,$185,$-28,$0,$-24,$0,$0,$0,$0,$-52,$-128,$22,$-106,$-3,$-3,$-17,$-3,$-129,$5,$7,$-17
33,2010-06-30,23.94,$10.93,2.19,$20.23,1.18,$7.39,3.24,$1.45,16.51,$0.63B,$0.21B,3.0,$0.44B,$0.75B,0.58,$1.41B,$0.41B,29.31%,$1.41B,$0.17B,11.85%,$1.41B,$0.17B,11.85%,$1.41B,$0.24B,17.10%,$1.41B,$0.14B,9.79%,$1.41B,$0.10B,7.24%,$0.10B,$0.75B,13.90%,$0.10B,$0.01B,-503.70%,$0.10B,$1.58B,6.29%,$0.17B,$1.18B,13.81%,$356,$250,$106,$21,$31,$311,$45,$-7,$38,$6,$32,$32,$32,$63,$45,$68,70,$0.46,$0.45,$79,$290,$22,$634,$187,$0,$736,$12,$944,$1578,$211,$435,$101,$617,$829,$0,$807,$-17,$749,$1578,$78,$56,$9,$65,$7,$6,$0,$-13,$18,$162,$-19,$0,$-24,$0,$0,$0,$0,$-43,$-118,$0,$-118,$0,$0,$-13,$-7,$-138,$-22,$5,$-13
34,2010-03-31,29.93,$10.86,2.76,$20.74,1.44,$6.83,4.38,$1.36,22.01,$0.63B,$0.22B,2.88,$0.45B,$0.74B,0.6,$1.44B,$0.41B,28.21%,$1.44B,$0.16B,11.05%,$1.44B,$0.16B,11.05%,$1.44B,$0.23B,16.19%,$1.44B,$0.13B,8.83%,$1.44B,$0.10B,6.60%,$0.10B,$0.74B,13.21%,$0.10B,$-0.00B,-169.64%,$0.10B,$1.60B,5.70%,$0.16B,$1.19B,12.85%,$349,$244,$105,$20,$34,$307,$43,$-7,$36,$12,$24,$24,$24,$62,$43,$68,70,$0.35,$0.34,$73,$292,$23,$634,$197,$0,$747,$13,$964,$1598,$220,$445,$107,$635,$855,$0,$780,$-3,$743,$1598,$47,$38,$11,$49,$11,$8,$0,$-7,$30,$126,$-14,$0,$-24,$0,$0,$0,$0,$-38,$-109,$0,$-109,$2,$2,$-8,$1,$-115,$-28,$4,$-8
35,2009-12-31,24.06,$10.69,2.25,$20.60,1.17,$5.76,4.18,$1.29,18.65,$0.63B,$0.20B,3.16,$0.50B,$0.73B,0.68,$1.43B,$0.40B,28.07%,$1.43B,$0.15B,10.32%,$1.43B,$0.15B,10.32%,$1.43B,$0.22B,15.16%,$1.43B,$0.12B,8.14%,$1.43B,$0.09B,6.25%,$0.09B,$0.73B,12.78%,$0.09B,$-0.03B,-296.67%,$0.09B,$1.62B,5.47%,$0.15B,$1.23B,12.18%,$339,$240,$100,$18,$33,$300,$39,$-8,$31,$9,$22,$22,$22,$58,$39,$68,70,$0.33,$0.32,$77,$295,$24,$626,$205,$0,$761,$14,$991,$1617,$198,$496,$106,$687,$886,$0,$760,$8,$731,$1617,$22,$19,$11,$30,$31,$6,$0,$-8,$8,$61,$-9,$0,$-25,$0,$0,$0,$0,$-34,$-48,$0,$-48,$1,$1,$-4,$0,$-51,$-24,$3,$-4
36,2009-09-30,22.6,$10.41,2.17,$20.71,1.09,$4.97,4.55,$1.36,16.62,$0.70B,$0.26B,2.66,$0.53B,$0.71B,0.74,$1.43B,$0.40B,27.95%,$1.43B,$0.15B,10.62%,$1.43B,$0.15B,10.62%,$1.43B,$0.22B,15.09%,$1.43B,$0.12B,8.60%,$1.43B,$0.09B,6.57%,$0.09B,$0.71B,13.91%,$0.09B,$-0.06B,37600.00%,$0.09B,$1.70B,5.95%,$0.15B,$1.24B,13.04%,$365,$262,$102,$20,$34,$324,$40,$-8,$33,$9,$24,$24,$24,$58,$40,$68,69,$0.35,$0.35,$101,$302,$22,$696,$209,$0,$771,$13,$1000,$1696,$262,$527,$110,$723,$985,$0,$742,$10,$712,$1696,$94,$64,$20,$84,$38,$53,$0,$-1,$41,$219,$-12,$0,$-702,$0,$0,$0,$0,$-714,$509,$-4,$505,$4,$4,$-17,$-5,$487,$-9,$5,$-17
37,2009-06-30,18.39,$10.16,1.81,$20.48,0.9,$3.27,5.63,$1.52,12.1,$0.70B,$0.29B,2.46,$0.61B,$0.69B,0.88,$1.42B,$0.40B,28.16%,$1.42B,$0.16B,11.43%,$1.42B,$0.16B,11.43%,$1.42B,$0.22B,15.24%,$1.42B,$0.14B,9.95%,$1.42B,$0.10B,7.34%,$0.10B,$0.69B,15.87%,$0.10B,$-0.13B,85.95%,$0.10B,$1.76B,7.50%,$0.16B,$1.30B,15.85%,$386,$287,$99,$21,$33,$349,$37,$-10,$27,$2,$25,$25,$25,$55,$37,$68,69,$0.37,$0.36,$68,$341,$21,$702,$215,$0,$821,$16,$1056,$1758,$285,$607,$81,$783,$1068,$0,$722,$16,$690,$1758,$70,$46,$22,$68,$16,$22,$0,$-8,$-23,$116,$-14,$0,$-750,$0,$0,$0,$0,$-763,$587,$39,$626,$2,$2,$-13,$-7,$608,$-42,$4,$-13
38,2009-03-31,10.35,$9.63,1.07,$19.65,0.53,$2.68,3.86,$1.63,6.35,$0.69B,$0.21B,3.24,$0.41B,$0.65B,0.63,$1.36B,$0.40B,29.24%,$1.36B,$0.17B,12.78%,$1.36B,$0.17B,12.78%,$1.36B,$0.22B,16.09%,$1.36B,$0.16B,11.98%,$1.36B,$0.11B,8.16%,$0.11B,$0.65B,17.49%,$0.11B,$0.10B,44.00%,$0.11B,$1.44B,9.49%,$0.17B,$1.07B,20.27%,$335,$236,$99,$19,$29,$304,$31,$-6,$25,$6,$19,$19,$18,$45,$31,$68,69,$0.27,$0.27,$127,$291,$21,$688,$181,$0,$553,$13,$751,$1440,$212,$413,$67,$574,$786,$0,$701,$2,$653,$1440,$46,$28,$10,$39,$9,$-13,$0,$-7,$-33,$52,$-15,$0,$-369,$0,$0,$0,$0,$-384,$369,$-4,$365,$1,$1,$-8,$-4,$353,$17,$3,$-8
39,2008-12-31,21.25,$9.56,2.22,$19.19,1.11,$2.34,9.09,$1.79,11.87,$0.66B,$0.19B,3.39,$0.42B,$0.65B,0.64,$1.33B,$0.39B,29.58%,$1.33B,$0.19B,13.96%,$1.33B,$0.19B,13.96%,$1.33B,$0.23B,16.97%,$1.33B,$0.18B,13.66%,$1.33B,$0.12B,9.23%,$0.12B,$0.65B,20.01%,$0.12B,$0.09B,38.74%,$0.12B,$1.42B,11.99%,$0.19B,$1.06B,25.01%,$345,$244,$100,$19,$32,$301,$44,$-6,$38,$11,$27,$27,$27,$58,$44,$68,69,$0.40,$0.39,$98,$296,$22,$658,$190,$0,$558,$14,$767,$1424,$194,$415,$70,$582,$776,$0,$686,$13,$648,$1424,$27,$14,$5,$19,$23,$-13,$0,$-5,$-41,$5,$-8,$0,$-369,$0,$0,$0,$0,$-377,$371,$-4,$367,$1,$1,$-4,$-3,$361,$-12,$2,$-4
40,2008-09-30,32.48,$9.30,3.49,$18.09,1.8,$2.38,13.64,$1.76,18.46,$0.54B,$0.17B,3.19,$0.03B,$0.63B,0.05,$1.26B,$0.38B,29.79%,$1.26B,$0.18B,14.30%,$1.26B,$0.18B,14.30%,$1.26B,$0.22B,17.08%,$1.26B,$0.18B,14.46%,$1.26B,$0.12B,9.61%,$0.12B,$0.63B,20.34%,$0.12B,$0.42B,31.53%,$0.12B,$0.93B,13.82%,$0.18B,$0.66B,28.64%,$351,$250,$101,$20,$29,$301,$50,$2,$51,$16,$35,$35,$34,$58,$50,$68,70,$0.51,$0.49,$110,$208,$17,$538,$169,$0,$206,$8,$389,$927,$169,$33,$68,$129,$297,$0,$663,$20,$630,$927,$123,$35,$2,$37,$-26,$-37,$0,$-4,$-34,$126,$-36,$0,$0,$0,$0,$0,$0,$-36,$-16,$-1,$-18,$-30,$-30,$-17,$15,$-50,$38,$5,$-17
41,2008-06-30,32.8,$9.01,3.64,$17.18,1.91,$2.31,14.23,$1.77,18.53,$0.49B,$0.15B,3.26,$0.03B,$0.61B,0.06,$1.20B,$0.36B,29.69%,$1.20B,$0.17B,13.76%,$1.20B,$0.17B,13.76%,$1.20B,$0.20B,16.51%,$1.20B,$0.17B,14.01%,$1.20B,$0.12B,10.26%,$0.12B,$0.61B,21.46%,$0.12B,$0.40B,34.14%,$0.12B,$0.89B,14.45%,$0.17B,$0.64B,27.04%,$330,$232,$98,$19,$28,$281,$49,$0,$49,$17,$32,$32,$32,$58,$49,$67,69,$0.48,$0.47,$81,$215,$8,$494,$165,$0,$211,$13,$394,$888,$151,$34,$67,$130,$281,$0,$633,$35,$607,$888,$87,$27,$3,$31,$-8,$-38,$0,$5,$-33,$85,$-24,$0,$0,$0,$0,$0,$0,$-24,$-15,$-5,$-20,$-31,$-31,$-12,$9,$-54,$9,$4,$-12
42,2008-03-31,24.53,$8.56,2.87,$16.22,1.51,$1.90,12.93,$1.64,14.96,$0.47B,$0.16B,2.87,$0.03B,$0.57B,0.06,$1.14B,$0.34B,29.96%,$1.14B,$0.15B,13.44%,$1.14B,$0.15B,13.44%,$1.14B,$0.19B,16.34%,$1.14B,$0.16B,13.71%,$1.14B,$0.12B,10.11%,$0.12B,$0.57B,20.59%,$0.12B,$0.36B,33.29%,$0.12B,$0.86B,13.83%,$0.15B,$0.61B,25.56%,$306,$210,$95,$19,$32,$263,$43,$0,$44,$14,$30,$30,$30,$52,$43,$68,69,$0.44,$0.43,$60,$210,$12,$469,$164,$0,$213,$9,$395,$864,$163,$34,$66,$126,$290,$0,$605,$37,$574,$864,$55,$18,$1,$19,$-4,$-33,$0,$-0,$-45,$29,$-16,$0,$0,$0,$0,$0,$0,$-16,$-13,$20,$7,$-33,$-33,$-8,$7,$-27,$-11,$2,$-8
43,2007-12-31,31.14,$8.34,3.73,$15.46,2.01,$1.81,17.22,$1.53,20.42,$0.43B,$0.14B,3.2,$0.03B,$0.57B,0.06,$1.09B,$0.33B,29.96%,$1.09B,$0.14B,12.96%,$1.09B,$0.14B,12.96%,$1.09B,$0.18B,16.08%,$1.09B,$0.14B,13.14%,$1.09B,$0.11B,9.65%,$0.11B,$0.57B,19.28%,$0.11B,$0.36B,31.70%,$0.11B,$0.82B,12.93%,$0.14B,$0.60B,23.99%,$272,$191,$81,$16,$26,$234,$38,$1,$38,$13,$25,$25,$25,$47,$38,$68,70,$0.37,$0.36,$61,$192,$9,$433,$159,$0,$213,$7,$389,$822,$135,$34,$64,$119,$254,$0,$579,$26,$568,$822,$25,$9,$-3,$6,$13,$-18,$0,$-0,$-25,$6,$-6,$0,$0,$0,$0,$0,$0,$-6,$-12,$-0,$-12,$-1,$-1,$-4,$5,$-11,$-10,$1,$-4
44,2007-09-30,28.55,$8.04,3.55,$14.80,1.93,$1.93,14.81,$1.42,20.1,$0.44B,$0.16B,2.69,$0.05B,$0.54B,0.08,$1.04B,$0.31B,30.13%,$1.04B,$0.13B,12.38%,$1.04B,$0.13B,12.38%,$1.04B,$0.16B,15.64%,$1.04B,$0.13B,12.67%,$1.04B,$0.10B,9.40%,$0.10B,$0.54B,18.60%,$0.10B,$0.33B,31.59%,$0.10B,$0.83B,12.28%,$0.13B,$0.59B,22.47%,$291,$209,$82,$18,$27,$256,$35,$2,$37,$1,$36,$36,$36,$41,$35,$68,70,$0.52,$0.51,$72,$173,$8,$439,$159,$0,$214,$7,$391,$830,$163,$45,$57,$122,$285,$0,$565,$23,$544,$830,$98,$33,$6,$39,$-21,$-9,$0,$-10,$-20,$118,$-32,$0,$-35,$0,$0,$0,$0,$-67,$-16,$-3,$-18,$-43,$-43,$-15,$10,$-66,$-12,$4,$-15
45,2007-06-30,24.51,$7.95,3.08,$13.99,1.75,$1.41,17.36,$1.16,21.22,$0.43B,$0.13B,3.2,$0.05B,$0.55B,0.09,$0.98B,$0.30B,30.59%,$0.98B,$0.12B,12.20%,$0.98B,$0.12B,12.20%,$0.98B,$0.16B,15.75%,$0.98B,$0.12B,12.40%,$0.98B,$0.08B,8.03%,$0.08B,$0.55B,15.47%,$0.08B,$0.34B,26.64%,$0.08B,$0.81B,10.21%,$0.12B,$0.59B,21.40%,$269,$186,$83,$17,$27,$232,$37,$0,$37,$13,$24,$24,$24,$46,$37,$69,71,$0.35,$0.34,$68,$188,$9,$426,$151,$0,$212,$7,$383,$809,$133,$47,$71,$128,$261,$0,$533,$18,$548,$809,$62,$27,$-1,$26,$-6,$-27,$0,$2,$-31,$57,$-23,$0,$-35,$0,$0,$0,$0,$-57,$-14,$-4,$-17,$1,$1,$-11,$9,$-19,$-15,$3,$-11
46,2007-03-31,18.76,$7.55,2.48,$13.26,1.41,$1.27,14.77,$1.23,15.31,$0.40B,$0.14B,2.85,$0.05B,$0.52B,0.09,$0.93B,$0.28B,30.15%,$0.93B,$0.10B,11.16%,$0.93B,$0.10B,11.16%,$0.93B,$0.14B,14.81%,$0.93B,$0.11B,11.48%,$0.93B,$0.08B,9.01%,$0.08B,$0.52B,17.11%,$0.08B,$0.30B,30.16%,$0.08B,$0.79B,11.22%,$0.10B,$0.57B,19.10%,$256,$176,$80,$16,$31,$225,$31,$0,$31,$11,$20,$20,$20,$41,$31,$69,70,$0.30,$0.29,$38,$186,$17,$403,$149,$0,$214,$7,$384,$787,$141,$48,$70,$128,$269,$0,$513,$17,$518,$787,$38,$17,$1,$18,$-8,$-25,$0,$-7,$-36,$20,$-13,$0,$-35,$0,$0,$0,$0,$-48,$-13,$-2,$-15,$-2,$-2,$-7,$4,$-20,$-45,$2,$-7
47,2006-12-31,18.05,$7.29,2.48,$12.57,1.44,$1.22,14.84,$1.07,16.87,$0.37B,$0.14B,2.68,$0.05B,$0.50B,0.1,$0.89B,$0.26B,29.15%,$0.89B,$0.09B,10.17%,$0.89B,$0.09B,10.17%,$0.89B,$0.12B,13.67%,$0.89B,$0.09B,10.51%,$0.89B,$0.08B,8.47%,$0.08B,$0.50B,15.78%,$0.08B,$0.27B,28.33%,$0.08B,$0.77B,10.33%,$0.09B,$0.55B,16.92%,$226,$158,$69,$14,$26,$200,$26,$0,$27,$9,$18,$18,$18,$35,$26,$68,70,$0.26,$0.26,$43,$172,$13,$371,$141,$0,$227,$10,$394,$765,$138,$49,$70,$128,$267,$0,$496,$16,$498,$765,$18,$8,$1,$9,$9,$-11,$0,$-6,$-14,$14,$-5,$0,$-35,$0,$0,$0,$0,$-40,$-12,$-1,$-12,$-1,$-1,$-3,$2,$-15,$-40,$1,$-3
