,Date,Stock Price,Book Value per Share,Price to Book Ratio,TTM Sales per Share,Price to Sales Ratio,TTM FCF per Share,Price to FCF Ratio,TTM Net EPS,PE Ratio,Current Assets,Current Liabilities,Current Ratio,Long Term Debt,Shareholder's Equity_x,Debt to Equity Ratio,TTM Revenue_x,TTM Gross Profit,Gross Margin,TTM Revenue_y,TTM Operating Income,Operating Margin,TTM Revenue_x,TTM EBIT,EBIT Margin,TTM Revenue_y,TTM EBITDA,EBITDA Margin,TTM Revenue_x,TTM Pre-Tax Income,Pre-Tax Margin,TTM Revenue_y,TTM Net Income_x,Net Margin,TTM Net Income_y,Shareholder's Equity_y,Return on Equity,TTM Net Income_x,Tangible Equity,Return on Tangible Equity,TTM Net Income_y,Total Assets,Return on Assets,TTM Net Income,LT Investments & Debt,Return on Investment,revenue,cost-goods-sold,gross-profit,research-development-expenses,selling-general-administrative-expenses,operating-expenses,operating-income,total-non-operating-income-expense,pre-tax-income,total-provision-income-taxes,income-after-taxes,income-from-continuous-operations,net-income,ebitda,ebit,basic-shares-outstanding,shares-outstanding,eps-basic-net-earnings-per-share,eps-earnings-per-share-diluted,cash-on-hand,inventory,other-current-assets,total-current-assets,net-property-plant-equipment,long-term-investments,goodwill-intangible-assets-total,other-long-term-assets,total-long-term-assets,total-assets,total-current-liabilities,long-term-debt,other-non-current-liabilities,total-long-term-liabilities,total-liabilities,common-stock-net,retained-earnings-accumulated-deficit,comprehensive-income,total-share-holder-equity,total-liabilities-share-holders-equity,net-income-loss,total-depreciation-amortization-cash-flow,other-non-cash-items,total-non-cash-items,change-in-accounts-receivable,change-in-inventories,change-in-accounts-payable,change-in-assets-liabilities,total-change-in-assets-liabilities,cash-flow-from-operating-activities,net-change-in-property-plant-equipment,net-change-in-intangible-assets,net-acquisitions-divestitures,net-change-in-short-term-investments,net-change-in-long-term-investments,net-change-in-investments-total,investing-activities-other,cash-flow-from-investing-activities,net-long-term-debt,net-current-debt,debt-issuance-retirement-net-total,net-common-equity-issued-repurchased,net-total-equity-issued-repurchased,total-common-preferred-stock-dividends-paid,financial-activities-other,cash-flow-from-financial-activities,net-cash-flow,stock-based-compensation,common-stock-dividends-paid
0,2018-09-30,96.73,$3.58,27.02,$10.28,9.41,$2.74,35.34,$0.72,134.35,$0.45B,$0.36B,1.26,$0.03B,$0.28B,0.1,$0.87B,$0.37B,42.87%,$0.87B,$0.09B,10.11%,$0.87B,$0.09B,10.11%,$0.87B,$0.17B,19.31%,$0.87B,$0.08B,8.85%,$0.87B,$0.06B,7.36%,$0.06B,$0.28B,23.25%,$0.06B,$0.28B,23.25%,$0.06B,$0.67B,9.97%,$0.09B,$0.31B,22.36%,$188,$121,$68,$0,$44,$170,$18,$-0,$18,$-16,$34,$34,$34,$37,$18,$78,91,$0.43,$0.37,$316,$9,$0,$449,$136,$28,$0,$11,$216,$665,$357,$27,$2,$29,$386,$1,$-133,$1,$279,$665,$58,$55,$32,$87,$-8,$-1,$9,$-24,$-24,$121,$-21,$0,$0,$-31,$-1,$-32,$1,$-53,$-4,$0,$-4,$2,$2,$-28,$-51,$-80,$-12,$34,$-28
1,2018-06-30,72.82,$3.80,19.19,$10.58,6.88,$1.93,37.7,$0.63,115.59,$0.46B,$0.34B,1.34,$0.03B,$0.29B,0.1,$0.87B,$0.38B,43.78%,$0.87B,$0.10B,11.98%,$0.87B,$0.10B,11.98%,$0.87B,$0.18B,20.74%,$0.87B,$0.09B,10.37%,$0.87B,$0.05B,5.99%,$0.05B,$0.29B,19.37%,$0.05B,$0.29B,19.37%,$0.05B,$0.67B,8.25%,$0.10B,$0.32B,24.07%,$282,$199,$83,$0,$55,$260,$21,$-7,$15,$5,$10,$10,$10,$42,$21,$77,87,$0.13,$0.11,$342,$9,$0,$458,$130,$24,$0,$13,$211,$669,$342,$28,$0,$34,$376,$1,$-156,$1,$293,$669,$25,$36,$26,$62,$-7,$-0,$6,$-9,$-10,$77,$-12,$0,$0,$-28,$0,$-28,$1,$-40,$-2,$0,$-2,$1,$1,$-19,$-0,$-20,$17,$23,$-19
2,2018-03-31,35.94,$3.57,10.06,$10.08,3.57,$1.21,29.76,$0.58,61.97,$0.40B,$0.12B,3.26,$0.21B,$0.28B,0.76,$0.80B,$0.35B,44.19%,$0.80B,$0.09B,11.74%,$0.80B,$0.09B,11.74%,$0.80B,$0.17B,20.85%,$0.80B,$0.08B,10.36%,$0.80B,$0.05B,5.87%,$0.05B,$0.28B,18.38%,$0.05B,$0.28B,18.38%,$0.05B,$0.62B,7.67%,$0.09B,$0.49B,20.24%,$188,$120,$68,$0,$40,$166,$22,$-2,$20,$5,$15,$15,$15,$37,$22,$77,82,$0.19,$0.18,$285,$10,$0,$404,$129,$27,$0,$16,$215,$619,$124,$209,$0,$219,$343,$1,$-157,$2,$276,$619,$15,$15,$8,$23,$-2,$-2,$0,$-6,$-35,$3,$-4,$0,$0,$-21,$0,$-21,$0,$-25,$-1,$0,$-1,$1,$1,$-9,$-0,$-10,$-32,$7,$-9
3,2017-12-31,30.42,$3.28,9.27,$10.21,2.98,$1.21,25.08,$0.41,74.2,$0.39B,$0.14B,2.83,$0.21B,$0.25B,0.83,$0.80B,$0.34B,42.82%,$0.80B,$0.08B,9.49%,$0.80B,$0.08B,9.49%,$0.80B,$0.15B,18.98%,$0.80B,$0.06B,7.99%,$0.80B,$0.03B,4.12%,$0.03B,$0.25B,13.37%,$0.03B,$0.25B,13.37%,$0.03B,$0.62B,5.41%,$0.08B,$0.46B,16.68%,$212,$58,$154,$0,$121,$185,$27,$-3,$24,$19,$5,$5,$5,$52,$27,$77,78,$0.07,$0.07,$297,$8,$0,$391,$131,$27,$0,$16,$224,$615,$138,$209,$14,$223,$362,$1,$-172,$2,$253,$615,$33,$77,$36,$113,$-13,$-2,$8,$-43,$-49,$97,$-25,$0,$0,$-107,$-2,$-109,$0,$-134,$6,$0,$6,$3,$3,$-37,$-9,$-37,$-74,$24,$-37
4,2017-09-30,23.34,$3.26,7.15,$10.03,2.33,$0.71,32.73,$0.45,51.87,$0.37B,$0.14B,2.68,$0.21B,$0.25B,0.83,$0.78B,$0.27B,34.06%,$0.78B,$0.06B,8.04%,$0.78B,$0.06B,8.04%,$0.78B,$0.13B,16.96%,$0.78B,$0.05B,6.76%,$0.78B,$0.04B,4.59%,$0.04B,$0.25B,14.78%,$0.04B,$0.25B,14.78%,$0.04B,$0.62B,5.94%,$0.06B,$0.46B,14.03%,$186,$112,$75,$0,$34,$152,$34,$-3,$31,$9,$22,$22,$22,$49,$34,$77,79,$0.28,$0.28,$263,$8,$0,$373,$133,$27,$0,$18,$245,$618,$139,$209,$0,$227,$367,$1,$-168,$3,$252,$618,$28,$52,$21,$73,$-19,$-2,$-6,$-33,$-59,$41,$-18,$0,$0,$-100,$-2,$-102,$0,$-120,$10,$0,$10,$3,$3,$-28,$-9,$-24,$-103,$18,$-28
5,2017-06-30,20.08,$3.17,6.34,$9.77,2.05,$0.43,46.38,$0.31,64.78,$0.35B,$0.13B,2.82,$0.21B,$0.24B,0.86,$0.76B,$0.27B,35.30%,$0.76B,$0.05B,6.17%,$0.76B,$0.05B,6.17%,$0.76B,$0.11B,14.96%,$0.76B,$0.04B,5.25%,$0.76B,$0.03B,3.28%,$0.03B,$0.24B,10.62%,$0.03B,$0.24B,10.62%,$0.03B,$0.60B,4.47%,$0.05B,$0.45B,11.80%,$215,$158,$57,$0,$39,$204,$11,$-3,$8,$3,$5,$5,$5,$29,$11,$76,79,$0.07,$0.06,$262,$8,$0,$354,$132,$25,$0,$18,$245,$599,$125,$209,$0,$232,$357,$1,$-180,$3,$242,$599,$6,$36,$12,$48,$-3,$-2,$-9,$-27,$-40,$14,$-12,$0,$0,$-75,$-0,$-75,$0,$-88,$11,$0,$11,$2,$2,$-18,$-0,$-5,$-79,$13,$-18
6,2017-03-31,21.78,$3.14,6.93,$9.61,2.27,$0.25,86.67,$0.26,83.77,$0.36B,$0.13B,2.75,$0.21B,$0.24B,0.87,$0.75B,$0.28B,37.40%,$0.75B,$0.04B,5.09%,$0.75B,$0.04B,5.09%,$0.75B,$0.11B,14.08%,$0.75B,$0.03B,4.42%,$0.75B,$0.02B,2.82%,$0.02B,$0.24B,9.17%,$0.02B,$0.24B,9.17%,$0.02B,$0.61B,4.13%,$0.04B,$0.45B,11.07%,$188,$131,$57,$0,$46,$184,$4,$-3,$1,$1,$1,$1,$1,$22,$4,$76,78,$0.01,$0.01,$271,$7,$0,$363,$130,$25,$0,$20,$245,$608,$132,$209,$0,$236,$368,$1,$-176,$3,$240,$608,$1,$18,$6,$25,$-0,$-1,$0,$-7,$-22,$3,$-4,$0,$0,$-50,$0,$-50,$0,$-55,$12,$0,$12,$2,$2,$-9,$-0,$5,$-46,$7,$-9
7,2016-12-31,17.93,$3.14,5.71,$9.42,1.9,$0.20,89.07,$0.43,41.7,$0.35B,$0.13B,2.62,$0.20B,$0.24B,0.82,$0.73B,$0.30B,41.15%,$0.73B,$0.06B,7.68%,$0.73B,$0.06B,7.68%,$0.73B,$0.12B,16.74%,$0.73B,$0.05B,7.27%,$0.73B,$0.03B,4.66%,$0.03B,$0.24B,15.21%,$0.03B,$0.24B,15.21%,$0.03B,$0.60B,7.48%,$0.06B,$0.44B,19.34%,$195,$117,$78,$0,$57,$181,$14,$-1,$13,$5,$8,$8,$8,$33,$14,$76,78,$0.10,$0.11,$267,$7,$0,$349,$133,$25,$0,$22,$252,$601,$133,$197,$0,$228,$361,$1,$-167,$3,$240,$601,$34,$65,$26,$91,$5,$-0,$-1,$-67,$-63,$62,$-30,$0,$0,$8,$-2,$6,$0,$-24,$157,$0,$157,$21,$21,$-37,$-5,$136,$174,$18,$-37
8,2016-09-30,20.62,$2.88,7.16,$9.08,2.27,$0.21,98.4,$0.31,66.53,$0.17B,$0.13B,1.26,$0.04B,$0.22B,0.17,$0.70B,$0.29B,40.86%,$0.70B,$0.04B,5.71%,$0.70B,$0.04B,5.71%,$0.70B,$0.10B,14.29%,$0.70B,$0.04B,5.29%,$0.70B,$0.03B,3.57%,$0.03B,$0.22B,11.59%,$0.03B,$0.22B,11.59%,$0.03B,$0.43B,6.15%,$0.04B,$0.26B,16.88%,$164,$88,$77,$0,$52,$146,$18,$-0,$18,$7,$11,$11,$11,$30,$18,$76,78,$0.15,$0.14,$68,$8,$0,$168,$137,$25,$0,$18,$260,$428,$133,$37,$0,$74,$208,$1,$-166,$3,$220,$428,$26,$47,$23,$70,$-5,$-2,$-10,$-53,$-70,$25,$-24,$0,$0,$8,$-2,$5,$0,$-19,$-2,$0,$-2,$1,$1,$-27,$-5,$-33,$-27,$16,$-27
9,2016-06-30,17.72,$2.85,6.22,$9.14,1.94,$0.40,43.97,$0.31,57.15,$0.16B,$0.12B,1.32,$0.02B,$0.22B,0.07,$0.70B,$0.28B,39.46%,$0.70B,$0.04B,5.70%,$0.70B,$0.04B,5.70%,$0.70B,$0.11B,16.10%,$0.70B,$0.04B,5.13%,$0.70B,$0.02B,3.42%,$0.02B,$0.22B,11.19%,$0.02B,$0.22B,11.19%,$0.02B,$0.40B,5.96%,$0.04B,$0.23B,17.32%,$199,$132,$67,$0,$59,$197,$2,$-1,$1,$0,$1,$1,$1,$20,$2,$76,77,$0.01,$0.01,$80,$7,$0,$164,$109,$24,$0,$19,$232,$396,$124,$15,$0,$56,$180,$1,$-168,$3,$216,$396,$15,$35,$10,$45,$3,$-1,$-10,$-49,$-57,$3,$-16,$0,$0,$0,$-1,$-1,$0,$-16,$9,$0,$9,$1,$1,$-18,$-0,$-8,$-22,$10,$-18
10,2016-03-31,16.88,$2.87,5.88,$8.54,1.98,$0.79,21.31,$0.37,45.62,$0.17B,$0.12B,1.42,$0.02B,$0.22B,0.07,$0.65B,$0.27B,41.81%,$0.65B,$0.05B,6.89%,$0.65B,$0.05B,6.89%,$0.65B,$0.11B,17.00%,$0.65B,$0.04B,6.43%,$0.65B,$0.03B,4.29%,$0.03B,$0.22B,13.13%,$0.03B,$0.22B,13.13%,$0.03B,$0.39B,6.90%,$0.05B,$0.23B,19.50%,$171,$93,$78,$0,$50,$149,$22,$-1,$21,$7,$14,$14,$14,$39,$22,$76,77,$0.18,$0.18,$88,$8,$0,$165,$106,$22,$0,$20,$230,$394,$116,$16,$0,$61,$176,$1,$-159,$3,$218,$394,$14,$17,$4,$21,$8,$-2,$-17,$-23,$-33,$2,$-7,$0,$0,$0,$0,$0,$0,$-7,$-1,$0,$-1,$1,$1,$-9,$-0,$-10,$-15,$3,$-9
11,2015-12-31,16.94,$2.76,6.14,$8.64,1.96,$0.97,17.43,$0.32,52.93,$0.18B,$0.13B,1.37,$0.02B,$0.21B,0.08,$0.66B,$0.26B,39.67%,$0.66B,$0.04B,5.78%,$0.66B,$0.04B,5.78%,$0.66B,$0.10B,15.50%,$0.66B,$0.04B,5.32%,$0.66B,$0.02B,3.65%,$0.02B,$0.21B,11.36%,$0.02B,$0.21B,11.36%,$0.02B,$0.41B,5.84%,$0.04B,$0.23B,16.54%,$166,$102,$64,$0,$53,$168,$-2,$-1,$-3,$-1,$-1,$-1,$-1,$11,$-2,$76,76,$-0.02,$-0.02,$102,$6,$0,$180,$105,$22,$0,$19,$229,$409,$132,$17,$0,$68,$200,$1,$-164,$3,$209,$409,$24,$63,$12,$75,$-19,$-1,$13,$-39,$-47,$52,$-20,$0,$0,$3,$-1,$1,$0,$-19,$-4,$0,$-4,$1,$1,$-36,$-3,$-43,$-9,$17,$-36
12,2015-09-30,15.92,$2.83,5.63,$8.33,1.91,$1.12,14.27,$0.32,49.76,$0.19B,$0.12B,1.55,$0.02B,$0.22B,0.09,$0.63B,$0.25B,38.70%,$0.63B,$0.04B,6.00%,$0.63B,$0.04B,6.00%,$0.63B,$0.11B,16.59%,$0.63B,$0.03B,5.37%,$0.63B,$0.02B,3.63%,$0.02B,$0.22B,10.93%,$0.02B,$0.22B,10.93%,$0.02B,$0.41B,5.69%,$0.04B,$0.23B,16.52%,$166,$98,$68,$0,$45,$148,$18,$-1,$17,$7,$10,$10,$10,$43,$18,$76,76,$0.14,$0.14,$100,$6,$0,$192,$113,$22,$0,$21,$220,$412,$124,$18,$0,$73,$197,$1,$-154,$3,$215,$412,$25,$51,$-1,$50,$-15,$-1,$8,$-36,$-44,$32,$-16,$0,$0,$5,$-1,$4,$0,$-12,$-3,$0,$-3,$1,$1,$-27,$-0,$-30,$-10,$12,$-27
13,2015-06-30,15.45,$2.79,5.54,$7.75,1.99,$0.71,21.62,$0.10,154.53,$0.19B,$0.12B,1.58,$0.02B,$0.21B,0.09,$0.59B,$0.22B,37.31%,$0.59B,$0.02B,2.56%,$0.59B,$0.02B,2.56%,$0.59B,$0.07B,12.27%,$0.59B,$0.01B,1.02%,$0.59B,$0.01B,1.19%,$0.01B,$0.21B,3.32%,$0.01B,$0.21B,3.32%,$0.01B,$0.41B,1.80%,$0.02B,$0.23B,6.49%,$150,$87,$63,$0,$50,$143,$7,$-0,$7,$2,$5,$5,$5,$18,$7,$76,76,$0.07,$0.07,$111,$6,$0,$188,$113,$22,$0,$21,$220,$408,$119,$19,$0,$78,$197,$1,$-155,$3,$211,$408,$15,$26,$-1,$26,$1,$-1,$1,$-13,$-12,$28,$-11,$0,$0,$1,$-1,$1,$0,$-10,$-2,$0,$-2,$1,$1,$-18,$-1,$-21,$-3,$8,$-18
14,2015-03-31,13.02,$2.77,4.69,$7.86,1.66,$0.34,37.79,$-0.16,0.0,$0.21B,$0.12B,1.72,$0.02B,$0.21B,0.1,$0.59B,$0.19B,32.21%,$0.59B,$-0.02B,-2.53%,$0.59B,$-0.02B,-2.53%,$0.59B,$0.05B,8.94%,$0.59B,$-0.02B,-4.05%,$0.59B,$-0.01B,-2.02%,$-0.01B,$0.21B,-5.56%,$-0.01B,$0.21B,-5.56%,$-0.01B,$0.41B,-3.18%,$-0.02B,$0.23B,-6.32%,$176,$110,$66,$0,$45,$161,$15,$-1,$14,$5,$10,$10,$10,$30,$15,$76,76,$0.13,$0.13,$114,$6,$0,$209,$114,$22,$0,$20,$205,$414,$122,$20,$0,$83,$205,$1,$-151,$3,$210,$414,$10,$15,$-4,$11,$-15,$-1,$19,$-9,$-6,$14,$-6,$0,$0,$1,$-1,$1,$0,$-5,$-1,$0,$-1,$0,$0,$-9,$-0,$-10,$-0,$2,$-9
15,2014-12-31,11.38,$2.73,4.17,$7.21,1.58,$0.05,228.14,$-0.40,0.0,$0.20B,$0.10B,1.96,$0.02B,$0.21B,0.11,$0.54B,$0.17B,30.57%,$0.54B,$-0.04B,-7.73%,$0.54B,$-0.04B,-7.73%,$0.54B,$0.02B,3.87%,$0.54B,$-0.05B,-9.21%,$0.54B,$-0.03B,-5.52%,$-0.03B,$0.21B,-13.26%,$-0.03B,$0.21B,-13.26%,$-0.03B,$0.38B,-8.11%,$-0.04B,$0.23B,-16.85%,$141,$93,$48,$0,$44,$143,$-2,$-1,$-4,$-2,$-2,$-2,$-2,$14,$-2,$75,75,$-0.02,$-0.02,$115,$5,$0,$197,$114,$7,$0,$21,$185,$383,$101,$22,$0,$76,$177,$1,$-152,$3,$206,$383,$-30,$62,$-13,$49,$18,$-2,$4,$15,$36,$55,$-12,$0,$0,$-35,$40,$5,$6,$-1,$-4,$0,$-4,$1,$1,$-36,$-0,$-39,$14,$8,$-36
16,2014-09-30,12.7,$2.86,4.45,$6.92,1.84,$-0.53,0.0,$-0.48,0.0,$0.16B,$0.11B,1.51,$0.02B,$0.22B,0.11,$0.52B,$0.16B,30.00%,$0.52B,$-0.05B,-10.00%,$0.52B,$-0.05B,-10.00%,$0.52B,$0.01B,1.73%,$0.52B,$-0.06B,-11.15%,$0.52B,$-0.04B,-6.92%,$-0.04B,$0.22B,-14.92%,$-0.04B,$0.22B,-14.92%,$-0.04B,$0.35B,-9.77%,$-0.05B,$0.24B,-19.60%,$120,$78,$42,$0,$39,$125,$-5,$-5,$-11,$-5,$-6,$-6,$-6,$10,$-5,$75,75,$-0.08,$-0.08,$69,$5,$0,$159,$116,$7,$0,$21,$193,$352,$105,$23,$0,$31,$136,$1,$-141,$3,$216,$352,$-28,$46,$-12,$34,$3,$-2,$9,$-21,$-11,$-5,$-9,$0,$0,$36,$-2,$34,$6,$31,$-3,$0,$-3,$1,$1,$-27,$-0,$-29,$-3,$6,$-27
17,2014-06-30,11.01,$3.07,3.58,$6.82,1.61,$-0.42,0.0,$-0.37,0.0,$0.17B,$0.10B,1.74,$0.02B,$0.23B,0.1,$0.51B,$0.16B,30.41%,$0.51B,$-0.04B,-8.58%,$0.51B,$-0.04B,-8.58%,$0.51B,$0.02B,4.09%,$0.51B,$-0.04B,-8.58%,$0.51B,$-0.03B,-5.46%,$-0.03B,$0.23B,-10.87%,$-0.03B,$0.23B,-10.87%,$-0.03B,$0.36B,-7.40%,$-0.04B,$0.26B,-15.59%,$156,$122,$35,$0,$49,$179,$-23,$-0,$-23,$-8,$-14,$-14,$-14,$-1,$-23,$75,75,$-0.19,$-0.19,$79,$4,$0,$172,$122,$11,$0,$26,$191,$362,$99,$24,$0,$33,$132,$1,$-126,$4,$231,$362,$-23,$31,$-12,$20,$7,$-1,$4,$-11,$-2,$-5,$-6,$0,$0,$-3,$15,$12,$3,$9,$-2,$0,$-2,$0,$0,$-18,$-1,$-20,$-16,$5,$-18
18,2014-03-31,26.64,$3.36,7.93,$6.77,3.94,$-0.37,0.0,$-0.11,0.0,$0.20B,$0.10B,1.91,$0.03B,$0.25B,0.1,$0.51B,$0.18B,34.58%,$0.51B,$-0.01B,-2.36%,$0.51B,$-0.01B,-2.36%,$0.51B,$0.04B,7.66%,$0.51B,$-0.01B,-2.55%,$0.51B,$-0.01B,-1.77%,$-0.01B,$0.25B,-3.31%,$-0.01B,$0.25B,-3.31%,$-0.01B,$0.38B,-2.38%,$-0.01B,$0.28B,-4.13%,$126,$85,$41,$0,$48,$138,$-12,$-0,$-12,$-4,$-8,$-8,$-8,$-2,$-12,$75,75,$-0.11,$-0.11,$87,$4,$0,$195,$129,$11,$0,$15,$187,$382,$102,$25,$0,$27,$130,$1,$-102,$4,$252,$382,$-8,$10,$8,$18,$-8,$-2,$-3,$-7,$-19,$-9,$-4,$0,$0,$10,$-2,$8,$3,$7,$-1,$0,$-1,$0,$0,$-9,$0,$-9,$-12,$3,$-9
19,2013-12-31,15.3,$3.54,4.32,$6.74,2.27,$-0.34,0.0,$0.04,382.39,$0.20B,$0.08B,2.43,$0.03B,$0.27B,0.1,$0.51B,$0.18B,36.29%,$0.51B,$0.01B,1.18%,$0.51B,$0.01B,1.18%,$0.51B,$0.06B,11.64%,$0.51B,$0.00B,0.79%,$0.51B,$0.00B,0.39%,$0.00B,$0.27B,0.71%,$0.00B,$0.27B,0.71%,$0.00B,$0.38B,0.53%,$0.01B,$0.29B,2.04%,$118,$80,$38,$0,$44,$131,$-12,$0,$-12,$-4,$-8,$-8,$-8,$2,$-12,$75,75,$-0.10,$-0.10,$109,$3,$0,$200,$133,$8,$0,$10,$178,$378,$82,$25,$0,$30,$113,$1,$-85,$4,$266,$378,$3,$53,$6,$59,$-9,$-1,$-7,$-21,$-38,$24,$-25,$0,$0,$7,$-2,$5,$-31,$-51,$-1,$31,$30,$1,$1,$-36,$-0,$-6,$-33,$6,$-36
20,2013-09-30,9.3,$3.74,2.49,$6.71,1.39,$0.07,136.61,$0.15,62.02,$0.21B,$0.08B,2.8,$0.03B,$0.28B,0.09,$0.50B,$0.19B,38.10%,$0.50B,$0.02B,4.17%,$0.50B,$0.02B,4.17%,$0.50B,$0.07B,13.29%,$0.50B,$0.02B,3.57%,$0.50B,$0.01B,2.18%,$0.01B,$0.28B,3.82%,$0.01B,$0.28B,3.82%,$0.01B,$0.39B,2.93%,$0.02B,$0.31B,7.13%,$113,$71,$42,$0,$33,$110,$3,$0,$3,$1,$2,$2,$2,$22,$3,$75,75,$0.03,$0.03,$115,$3,$0,$213,$133,$8,$0,$9,$178,$392,$76,$25,$0,$35,$111,$1,$-68,$4,$281,$392,$11,$39,$7,$46,$-18,$-1,$0,$-14,$-45,$12,$-18,$0,$0,$-24,$28,$4,$-30,$-44,$-0,$30,$29,$1,$1,$-27,$-0,$3,$-29,$4,$-27
21,2013-06-30,9.32,$3.84,2.43,$6.60,1.41,$0.34,27.42,$0.17,54.83,$0.21B,$0.07B,3.15,$0.00B,$0.29B,0.0,$0.50B,$0.19B,38.99%,$0.50B,$0.02B,4.65%,$0.50B,$0.02B,4.65%,$0.50B,$0.06B,11.72%,$0.50B,$0.02B,4.04%,$0.50B,$0.01B,2.63%,$0.01B,$0.29B,4.43%,$0.01B,$0.29B,4.43%,$0.01B,$0.36B,3.50%,$0.02B,$0.29B,7.84%,$152,$97,$55,$0,$41,$143,$9,$-0,$8,$3,$5,$5,$5,$17,$9,$75,75,$0.07,$0.07,$123,$2,$0,$206,$105,$8,$0,$10,$157,$362,$65,$0,$0,$10,$75,$1,$-62,$3,$287,$362,$8,$20,$5,$25,$-6,$0,$-10,$-11,$-27,$6,$-13,$0,$0,$6,$-2,$3,$0,$-10,$0,$0,$0,$0,$0,$-18,$-1,$-18,$-22,$3,$-18
22,2013-03-31,7.88,$3.88,2.03,$6.47,1.22,$0.80,9.86,$0.26,30.3,$0.22B,$0.07B,3.32,$0.00B,$0.29B,0.0,$0.49B,$0.19B,40.00%,$0.49B,$0.03B,7.01%,$0.49B,$0.03B,7.01%,$0.49B,$0.07B,13.81%,$0.49B,$0.03B,6.39%,$0.49B,$0.02B,4.12%,$0.02B,$0.29B,6.69%,$0.02B,$0.29B,6.69%,$0.02B,$0.37B,5.31%,$0.03B,$0.29B,11.38%,$124,$75,$49,$0,$38,$118,$6,$-1,$5,$2,$3,$3,$3,$18,$6,$75,75,$0.04,$0.04,$132,$3,$0,$222,$102,$5,$0,$9,$144,$366,$67,$0,$0,$9,$76,$1,$-58,$4,$290,$366,$3,$12,$2,$14,$-4,$-1,$-8,$-9,$-23,$-6,$-5,$0,$0,$-0,$0,$-0,$0,$-5,$0,$0,$0,$0,$0,$-9,$0,$-9,$-20,$1,$-9
23,2012-12-31,6.95,$3.94,1.76,$6.46,1.07,$1.20,5.8,$0.42,16.54,$0.24B,$0.08B,3.02,$0.00B,$0.30B,0.0,$0.48B,$0.20B,41.32%,$0.48B,$0.04B,9.09%,$0.48B,$0.04B,9.09%,$0.48B,$0.07B,15.29%,$0.48B,$0.04B,8.88%,$0.48B,$0.03B,6.61%,$0.03B,$0.30B,10.60%,$0.03B,$0.30B,10.60%,$0.03B,$0.38B,8.37%,$0.04B,$0.30B,14.57%,$115,$69,$46,$0,$37,$113,$3,$-0,$2,$2,$1,$1,$1,$10,$3,$75,75,$0.00,$0.01,$152,$2,$0,$235,$102,$5,$0,$9,$147,$381,$78,$0,$0,$9,$87,$1,$-52,$4,$295,$381,$31,$32,$12,$44,$5,$-0,$3,$-19,$-12,$63,$-34,$0,$0,$26,$-5,$21,$0,$-13,$-2,$0,$-2,$1,$1,$-36,$0,$-37,$14,$4,$-36
24,2012-09-30,6.99,$4.04,1.73,$6.44,1.09,$1.28,5.46,$0.29,24.09,$0.23B,$0.07B,3.56,$0.00B,$0.30B,0.0,$0.48B,$0.18B,36.93%,$0.48B,$0.03B,5.81%,$0.48B,$0.03B,5.81%,$0.48B,$0.07B,14.94%,$0.48B,$0.03B,5.81%,$0.48B,$0.02B,4.56%,$0.02B,$0.30B,7.28%,$0.02B,$0.30B,7.28%,$0.02B,$0.38B,5.76%,$0.03B,$0.30B,9.26%,$104,$61,$43,$0,$32,$99,$5,$-0,$5,$1,$4,$4,$4,$13,$5,$75,75,$0.05,$0.05,$147,$2,$0,$232,$101,$5,$0,$11,$145,$377,$65,$0,$0,$10,$75,$1,$-43,$4,$302,$377,$31,$24,$6,$30,$-3,$-1,$-2,$-15,$-20,$41,$-27,$0,$0,$19,$-5,$14,$0,$-13,$-2,$0,$-2,$1,$1,$-27,$0,$-28,$0,$3,$-27
25,2012-06-30,6.69,$4.13,1.62,$6.50,1.03,$1.59,4.21,$0.38,17.61,$0.24B,$0.07B,3.69,$0.00B,$0.31B,0.0,$0.49B,$0.18B,36.76%,$0.49B,$0.04B,8.01%,$0.49B,$0.04B,8.01%,$0.49B,$0.09B,17.86%,$0.49B,$0.04B,8.01%,$0.49B,$0.03B,5.95%,$0.03B,$0.31B,9.52%,$0.03B,$0.31B,9.52%,$0.03B,$0.38B,7.55%,$0.04B,$0.31B,12.79%,$142,$85,$56,$0,$32,$122,$20,$-1,$19,$7,$12,$12,$12,$26,$20,$74,75,$0.16,$0.16,$170,$2,$0,$240,$102,$5,$0,$9,$144,$383,$65,$0,$0,$11,$76,$1,$-38,$4,$308,$383,$27,$16,$0,$16,$9,$-0,$2,$-10,$1,$45,$-18,$0,$0,$10,$-5,$5,$0,$-13,$-1,$0,$-1,$0,$0,$-18,$0,$-18,$14,$2,$-18
26,2012-03-31,7.47,$4.07,1.84,$6.51,1.15,$1.66,4.5,$0.41,18.23,$0.25B,$0.07B,3.3,$0.00B,$0.30B,0.0,$0.49B,$0.18B,36.27%,$0.49B,$0.04B,8.20%,$0.49B,$0.04B,8.20%,$0.49B,$0.09B,19.06%,$0.49B,$0.04B,8.40%,$0.49B,$0.03B,6.35%,$0.03B,$0.30B,10.13%,$0.03B,$0.30B,10.13%,$0.03B,$0.39B,8.01%,$0.04B,$0.30B,13.05%,$123,$68,$55,$0,$35,$107,$16,$1,$17,$1,$15,$15,$15,$25,$16,$74,75,$0.21,$0.20,$166,$2,$0,$245,$102,$10,$0,$8,$143,$389,$74,$0,$0,$12,$86,$1,$-41,$4,$303,$389,$15,$9,$-1,$8,$6,$0,$5,$-2,$9,$32,$-13,$0,$0,$-2,$0,$-2,$0,$-16,$-0,$0,$-0,$0,$0,$-9,$0,$-9,$8,$1,$-9
27,2011-12-31,7.75,$3.97,1.95,$6.45,1.2,$1.73,4.47,$0.32,24.22,$0.24B,$0.07B,3.46,$0.00B,$0.30B,0.0,$0.49B,$0.17B,34.85%,$0.49B,$0.04B,7.63%,$0.49B,$0.04B,7.63%,$0.49B,$0.10B,19.59%,$0.49B,$0.04B,7.84%,$0.49B,$0.03B,5.15%,$0.03B,$0.30B,8.15%,$0.03B,$0.30B,8.15%,$0.03B,$0.38B,6.38%,$0.04B,$0.30B,12.03%,$113,$89,$24,$0,$33,$126,$-13,$-0,$-13,$-5,$-9,$-9,$-9,$8,$-13,$74,75,$-0.11,$-0.11,$156,$2,$0,$240,$97,$10,$0,$8,$139,$379,$69,$0,$0,$14,$83,$1,$-47,$3,$295,$379,$25,$58,$-3,$55,$-2,$0,$-4,$-11,$-16,$63,$-28,$0,$0,$-3,$0,$-3,$0,$-31,$-1,$0,$-1,$1,$1,$-48,$-2,$-50,$-17,$3,$-48
28,2011-09-30,7.32,$4.20,1.74,$6.57,1.11,$1.63,4.5,$0.55,13.31,$0.25B,$0.06B,4.43,$0.00B,$0.31B,0.0,$0.50B,$0.19B,38.79%,$0.50B,$0.06B,12.93%,$0.50B,$0.06B,12.93%,$0.50B,$0.11B,22.42%,$0.50B,$0.07B,13.13%,$0.50B,$0.04B,8.48%,$0.04B,$0.31B,13.45%,$0.04B,$0.31B,13.45%,$0.04B,$0.39B,10.47%,$0.06B,$0.31B,20.45%,$109,$64,$44,$0,$25,$93,$16,$-0,$16,$5,$11,$11,$11,$28,$16,$74,75,$0.14,$0.14,$163,$2,$0,$245,$79,$15,$0,$6,$140,$385,$55,$1,$0,$17,$72,$1,$-30,$3,$313,$385,$33,$37,$-2,$35,$3,$-0,$-6,$-17,$-21,$48,$-10,$0,$0,$-8,$0,$-8,$0,$-19,$-1,$0,$-1,$1,$1,$-39,$-2,$-41,$-11,$3,$-39
29,2011-06-30,7.73,$4.21,1.84,$6.57,1.18,$1.38,5.62,$0.60,12.88,$0.25B,$0.06B,3.96,$0.00B,$0.31B,0.0,$0.50B,$0.20B,39.52%,$0.50B,$0.07B,13.71%,$0.50B,$0.07B,13.71%,$0.50B,$0.11B,22.38%,$0.50B,$0.07B,14.31%,$0.50B,$0.05B,9.07%,$0.05B,$0.31B,14.24%,$0.05B,$0.31B,14.24%,$0.05B,$0.40B,10.96%,$0.07B,$0.31B,21.43%,$143,$89,$54,$0,$29,$122,$21,$-0,$21,$7,$14,$14,$14,$32,$21,$74,75,$0.19,$0.19,$169,$2,$0,$250,$79,$15,$0,$5,$146,$396,$63,$1,$0,$20,$83,$1,$-31,$4,$313,$396,$23,$24,$-4,$21,$4,$0,$6,$-14,$-4,$39,$-7,$0,$0,$-8,$0,$-8,$0,$-14,$-1,$0,$-1,$1,$1,$-30,$0,$-30,$-5,$3,$-30
30,2011-03-31,10.06,$4.13,2.44,$6.09,1.65,$1.18,8.5,$0.49,20.53,$0.26B,$0.08B,3.34,$0.00B,$0.31B,0.0,$0.46B,$0.19B,40.43%,$0.46B,$0.06B,12.39%,$0.46B,$0.06B,12.39%,$0.46B,$0.09B,20.43%,$0.46B,$0.06B,13.04%,$0.46B,$0.04B,8.04%,$0.04B,$0.31B,11.53%,$0.04B,$0.31B,11.53%,$0.04B,$0.41B,8.85%,$0.06B,$0.31B,17.67%,$120,$73,$47,$0,$30,$107,$13,$0,$14,$5,$9,$9,$9,$27,$13,$75,76,$0.11,$0.11,$171,$2,$0,$257,$80,$15,$0,$5,$151,$408,$77,$1,$0,$25,$102,$1,$-37,$3,$306,$408,$9,$13,$-1,$12,$4,$0,$12,$-8,$8,$29,$-4,$0,$0,$-6,$0,$-6,$0,$-10,$-0,$0,$-0,$0,$0,$-21,$0,$-21,$-2,$1,$-21
31,2010-12-31,11.08,$4.28,2.59,$6.35,1.75,$1.33,8.36,$0.71,15.61,$0.26B,$0.07B,3.58,$0.00B,$0.32B,0.01,$0.48B,$0.20B,42.59%,$0.48B,$0.08B,16.91%,$0.48B,$0.08B,16.91%,$0.48B,$0.11B,22.55%,$0.48B,$0.08B,17.33%,$0.48B,$0.05B,11.06%,$0.05B,$0.32B,16.04%,$0.05B,$0.32B,16.04%,$0.05B,$0.42B,12.24%,$0.08B,$0.32B,24.36%,$123,$76,$47,$0,$29,$108,$14,$-0,$14,$6,$8,$8,$8,$24,$14,$75,75,$0.12,$0.11,$167,$2,$0,$259,$81,$15,$0,$4,$157,$416,$72,$2,$0,$27,$99,$1,$-24,$3,$317,$416,$53,$27,$3,$29,$10,$0,$-18,$-35,$-43,$40,$-12,$0,$0,$-32,$0,$-32,$4,$-40,$-1,$0,$-1,$3,$3,$-84,$3,$-79,$-80,$8,$-84
32,2010-09-30,10.56,$4.44,2.38,$6.30,1.68,$2.45,4.3,$0.75,14.08,$0.27B,$0.07B,3.78,$0.00B,$0.33B,0.01,$0.47B,$0.21B,44.61%,$0.47B,$0.09B,17.97%,$0.47B,$0.09B,17.97%,$0.47B,$0.11B,22.41%,$0.47B,$0.09B,18.39%,$0.47B,$0.06B,11.84%,$0.06B,$0.33B,16.69%,$0.06B,$0.33B,16.69%,$0.06B,$0.42B,12.75%,$0.09B,$0.33B,25.15%,$110,$62,$48,$0,$24,$89,$20,$1,$22,$7,$14,$14,$14,$28,$20,$75,75,$0.19,$0.19,$180,$2,$0,$267,$81,$15,$0,$2,$155,$423,$71,$2,$0,$24,$94,$1,$-11,$3,$328,$423,$45,$17,$-6,$11,$11,$0,$1,$-30,$-28,$28,$-9,$0,$0,$-29,$0,$-29,$4,$-34,$-1,$0,$-1,$2,$2,$-63,$3,$-59,$-65,$7,$-63
33,2010-06-30,11.52,$4.53,2.54,$6.34,1.82,$3.40,3.39,$0.68,16.93,$0.28B,$0.07B,4.12,$0.00B,$0.33B,0.01,$0.47B,$0.21B,45.15%,$0.47B,$0.08B,16.67%,$0.47B,$0.08B,16.67%,$0.47B,$0.10B,20.46%,$0.47B,$0.08B,16.88%,$0.47B,$0.05B,10.76%,$0.05B,$0.33B,15.02%,$0.05B,$0.33B,15.03%,$0.05B,$0.43B,11.54%,$0.08B,$0.34B,23.08%,$107,$63,$44,$0,$30,$97,$10,$-1,$10,$3,$6,$6,$6,$15,$10,$74,75,$0.08,$0.08,$198,$2,$0,$278,$82,$15,$0,$2,$148,$426,$68,$2,$0,$26,$94,$1,$-4,$3,$333,$426,$31,$9,$-2,$7,$15,$1,$-0,$-17,$-13,$25,$-7,$0,$0,$-34,$0,$-34,$4,$-36,$-1,$0,$-1,$1,$1,$-42,$0,$-41,$-52,$5,$-42
34,2010-03-31,12.53,$4.68,2.68,$6.79,1.85,$4.13,3.03,$0.87,14.4,$0.32B,$0.10B,3.33,$0.00B,$0.34B,0.01,$0.51B,$0.23B,46.05%,$0.51B,$0.10B,19.17%,$0.51B,$0.10B,19.17%,$0.51B,$0.12B,22.73%,$0.51B,$0.10B,19.96%,$0.51B,$0.07B,12.85%,$0.07B,$0.34B,18.87%,$0.07B,$0.34B,18.88%,$0.07B,$0.47B,14.67%,$0.10B,$0.35B,27.89%,$139,$74,$65,$0,$26,$101,$37,$-1,$37,$12,$25,$25,$25,$41,$37,$74,75,$0.33,$0.33,$226,$2,$0,$319,$81,$22,$0,$2,$149,$467,$96,$3,$0,$27,$123,$1,$11,$2,$344,$467,$25,$4,$-3,$0,$-0,$0,$2,$0,$13,$38,$-3,$0,$0,$-32,$0,$-32,$3,$-32,$-0,$0,$-0,$1,$1,$-21,$0,$-20,$-13,$2,$-21
35,2009-12-31,10.88,$4.59,2.37,$6.40,1.7,$4.28,2.54,$0.68,16.0,$0.30B,$0.07B,4.09,$0.00B,$0.34B,0.01,$0.48B,$0.22B,46.11%,$0.48B,$0.08B,16.21%,$0.48B,$0.08B,16.21%,$0.48B,$0.10B,20.21%,$0.48B,$0.08B,16.84%,$0.48B,$0.05B,10.53%,$0.05B,$0.34B,14.43%,$0.05B,$0.34B,14.45%,$0.05B,$0.44B,11.55%,$0.08B,$0.34B,22.02%,$117,$64,$54,$0,$32,$99,$18,$-0,$18,$6,$11,$11,$11,$22,$18,$74,74,$0.15,$0.15,$208,$2,$0,$295,$84,$22,$0,$2,$146,$441,$72,$3,$0,$31,$104,$1,$8,$2,$337,$441,$50,$19,$17,$36,$-11,$3,$3,$24,$30,$116,$-6,$0,$0,$-1,$0,$-1,$0,$-6,$-1,$0,$-1,$3,$3,$-82,$0,$-80,$30,$7,$-82
36,2009-09-30,9.72,$4.69,2.07,$6.53,1.49,$2.92,3.33,$0.71,13.7,$0.29B,$0.07B,4.16,$0.00B,$0.34B,0.01,$0.48B,$0.22B,45.76%,$0.48B,$0.08B,16.98%,$0.48B,$0.08B,16.98%,$0.48B,$0.10B,21.53%,$0.48B,$0.08B,17.39%,$0.48B,$0.05B,10.97%,$0.05B,$0.34B,15.05%,$0.05B,$0.34B,15.08%,$0.05B,$0.43B,12.33%,$0.08B,$0.35B,23.05%,$111,$60,$51,$0,$33,$97,$14,$1,$15,$6,$9,$9,$9,$19,$14,$74,74,$0.12,$0.12,$206,$3,$0,$293,$86,$23,$0,$2,$140,$433,$70,$3,$0,$18,$89,$1,$18,$2,$344,$433,$39,$15,$15,$30,$-4,$2,$3,$12,$24,$93,$-4,$0,$0,$4,$0,$4,$0,$0,$-1,$0,$-1,$2,$2,$-62,$0,$-60,$33,$6,$-62
37,2009-06-30,8.5,$4.85,1.75,$6.51,1.31,$1.70,5.01,$0.66,12.88,$0.29B,$0.07B,4.36,$0.00B,$0.35B,0.01,$0.48B,$0.21B,44.28%,$0.48B,$0.08B,15.80%,$0.48B,$0.08B,15.80%,$0.48B,$0.10B,20.79%,$0.48B,$0.08B,16.01%,$0.48B,$0.05B,10.19%,$0.05B,$0.35B,13.68%,$0.05B,$0.35B,13.72%,$0.05B,$0.43B,11.28%,$0.08B,$0.36B,20.99%,$139,$76,$63,$0,$31,$111,$28,$3,$31,$11,$20,$20,$20,$33,$28,$74,74,$0.27,$0.27,$208,$3,$0,$286,$89,$23,$1,$3,$145,$431,$66,$3,$0,$12,$77,$1,$30,$2,$353,$431,$30,$11,$4,$15,$-1,$2,$1,$7,$30,$75,$-3,$0,$0,$-19,$31,$12,$0,$9,$-0,$0,$-0,$1,$1,$-41,$0,$-41,$43,$3,$-41
38,2009-03-31,7.61,$4.82,1.58,$6.40,1.19,$0.56,13.63,$0.49,15.53,$0.28B,$0.06B,4.37,$0.00B,$0.35B,0.01,$0.47B,$0.20B,43.01%,$0.47B,$0.06B,12.71%,$0.47B,$0.06B,12.71%,$0.47B,$0.09B,19.70%,$0.47B,$0.06B,12.29%,$0.47B,$0.04B,7.63%,$0.04B,$0.35B,9.85%,$0.04B,$0.35B,9.89%,$0.04B,$0.43B,8.10%,$0.06B,$0.36B,16.24%,$108,$56,$51,$0,$31,$91,$17,$-1,$16,$6,$10,$10,$10,$22,$17,$73,74,$0.14,$0.14,$203,$4,$0,$281,$90,$22,$1,$3,$146,$427,$64,$4,$0,$11,$75,$1,$30,$1,$352,$427,$10,$6,$2,$8,$6,$1,$2,$6,$29,$47,$-1,$0,$0,$-10,$0,$-10,$0,$-12,$-0,$0,$-0,$0,$0,$-20,$0,$-20,$15,$1,$-20
39,2008-12-31,7.05,$4.95,1.43,$7.17,0.98,$0.01,640.65,$0.62,11.37,$0.28B,$0.06B,4.8,$0.00B,$0.36B,0.01,$0.53B,$0.22B,40.80%,$0.53B,$0.07B,13.28%,$0.53B,$0.07B,13.28%,$0.53B,$0.10B,19.17%,$0.53B,$0.07B,13.28%,$0.53B,$0.05B,8.73%,$0.05B,$0.36B,12.27%,$0.05B,$0.36B,12.32%,$0.05B,$0.43B,10.01%,$0.07B,$0.36B,18.45%,$125,$69,$56,$0,$29,$102,$23,$-1,$22,$8,$14,$14,$14,$30,$23,$73,74,$0.18,$0.18,$177,$5,$0,$280,$92,$22,$1,$2,$149,$429,$58,$4,$0,$11,$69,$1,$41,$1,$360,$429,$45,$29,$19,$49,$-7,$-0,$-4,$-38,$-60,$36,$-27,$0,$0,$48,$0,$48,$0,$22,$-1,$0,$-1,$7,$7,$-81,$1,$-74,$-16,$8,$-81
40,2008-09-30,9.52,$5.05,1.88,$7.30,1.31,$0.98,9.71,$0.74,12.87,$0.28B,$0.07B,3.95,$0.00B,$0.37B,0.01,$0.54B,$0.22B,40.19%,$0.54B,$0.07B,13.46%,$0.54B,$0.07B,13.46%,$0.54B,$0.10B,18.88%,$0.54B,$0.08B,14.21%,$0.54B,$0.05B,10.09%,$0.05B,$0.37B,14.18%,$0.05B,$0.37B,14.26%,$0.05B,$0.45B,11.49%,$0.07B,$0.37B,18.68%,$109,$66,$43,$0,$31,$101,$8,$-0,$8,$2,$5,$5,$5,$15,$8,$73,74,$0.07,$0.07,$176,$6,$0,$284,$89,$33,$1,$11,$167,$451,$72,$4,$0,$11,$83,$1,$48,$2,$368,$451,$32,$23,$9,$32,$-12,$-1,$-2,$-26,$-48,$18,$-20,$-0,$0,$39,$0,$39,$0,$19,$-1,$0,$-1,$7,$7,$-61,$1,$-54,$-17,$8,$-61
41,2008-06-30,9.31,$5.29,1.76,$7.31,1.27,$1.90,4.89,$0.79,11.78,$0.30B,$0.08B,3.87,$0.00B,$0.38B,0.01,$0.53B,$0.22B,40.64%,$0.53B,$0.08B,14.42%,$0.53B,$0.08B,14.42%,$0.53B,$0.11B,20.97%,$0.53B,$0.08B,15.36%,$0.53B,$0.06B,10.67%,$0.06B,$0.38B,14.87%,$0.06B,$0.38B,14.96%,$0.06B,$0.47B,12.09%,$0.08B,$0.39B,19.83%,$130,$76,$53,$0,$38,$118,$12,$-0,$12,$5,$7,$7,$7,$26,$12,$73,74,$0.10,$0.10,$184,$6,$0,$296,$88,$33,$2,$18,$173,$470,$77,$4,$0,$11,$87,$1,$64,$2,$382,$470,$27,$16,$6,$22,$-23,$-1,$1,$-23,$-48,$3,$-15,$-0,$0,$50,$0,$50,$0,$34,$-0,$0,$-0,$5,$5,$-40,$1,$-35,$2,$6,$-40
42,2008-03-31,10.95,$5.40,2.03,$7.46,1.47,$2.71,4.03,$0.79,13.86,$0.33B,$0.09B,3.74,$0.01B,$0.39B,0.01,$0.54B,$0.20B,37.08%,$0.54B,$0.08B,13.84%,$0.54B,$0.08B,13.84%,$0.54B,$0.11B,21.03%,$0.54B,$0.08B,14.94%,$0.54B,$0.06B,10.52%,$0.06B,$0.39B,14.85%,$0.06B,$0.39B,14.95%,$0.06B,$0.49B,12.11%,$0.08B,$0.40B,19.29%,$163,$100,$63,$0,$33,$136,$27,$1,$28,$9,$20,$20,$20,$30,$27,$72,73,$0.27,$0.27,$222,$5,$0,$331,$85,$34,$2,$20,$157,$489,$89,$5,$0,$10,$99,$1,$77,$3,$390,$489,$20,$2,$12,$15,$-29,$-0,$-2,$-4,$-19,$15,$-10,$0,$0,$55,$0,$55,$0,$45,$-0,$0,$-0,$4,$4,$-20,$1,$-16,$45,$3,$-20
43,2007-12-31,8.52,$5.34,1.59,$6.73,1.27,$2.96,2.87,$0.73,11.67,$0.35B,$0.07B,4.86,$0.01B,$0.38B,0.01,$0.49B,$0.19B,38.48%,$0.49B,$0.07B,14.20%,$0.49B,$0.07B,14.20%,$0.49B,$0.11B,22.02%,$0.49B,$0.08B,15.64%,$0.49B,$0.05B,10.70%,$0.05B,$0.38B,13.59%,$0.05B,$0.38B,13.68%,$0.05B,$0.47B,11.22%,$0.07B,$0.39B,17.79%,$133,$77,$56,$0,$29,$108,$25,$3,$28,$6,$22,$22,$22,$30,$25,$72,72,$0.30,$0.29,$266,$5,$0,$348,$56,$0,$2,$20,$100,$470,$72,$5,$0,$15,$87,$1,$78,$3,$383,$470,$52,$38,$3,$41,$-5,$-2,$7,$5,$5,$98,$-19,$0,$0,$32,$0,$32,$0,$13,$-1,$0,$-1,$7,$7,$-69,$1,$-62,$50,$8,$-69
44,2007-09-30,8.56,$5.26,1.63,$4.89,1.75,$1.86,4.6,$0.43,19.91,$0.34B,$0.06B,5.46,$0.01B,$0.38B,0.01,$0.35B,$0.13B,37.11%,$0.35B,$0.04B,12.46%,$0.35B,$0.04B,12.46%,$0.35B,$0.08B,21.81%,$0.35B,$0.05B,13.60%,$0.35B,$0.03B,8.50%,$0.03B,$0.38B,7.82%,$0.03B,$0.38B,7.89%,$0.03B,$0.46B,6.53%,$0.04B,$0.38B,11.32%,$108,$63,$45,$0,$29,$95,$13,$1,$14,$6,$8,$8,$8,$26,$13,$72,72,$0.12,$0.12,$269,$5,$0,$341,$70,$0,$3,$13,$115,$457,$62,$5,$0,$17,$79,$1,$74,$3,$378,$457,$31,$32,$4,$37,$2,$-2,$0,$4,$6,$73,$-8,$-0,$0,$-40,$0,$-40,$0,$-48,$-1,$0,$-1,$7,$7,$-51,$1,$-44,$-19,$6,$-51
45,2007-06-30,8.93,$5.37,1.66,$4.75,1.88,$1.04,8.58,$0.31,28.79,$0.34B,$0.07B,5.23,$0.01B,$0.38B,0.01,$0.34B,$0.12B,36.36%,$0.34B,$0.04B,12.61%,$0.34B,$0.04B,12.61%,$0.34B,$0.07B,20.53%,$0.34B,$0.05B,14.37%,$0.34B,$0.03B,9.38%,$0.03B,$0.38B,8.27%,$0.03B,$0.38B,8.34%,$0.03B,$0.47B,6.94%,$0.04B,$0.39B,10.96%,$138,$101,$37,$0,$25,$128,$10,$1,$11,$4,$7,$7,$7,$28,$10,$71,72,$0.10,$0.10,$266,$3,$0,$344,$67,$0,$3,$14,$122,$466,$66,$5,$0,$16,$82,$1,$83,$2,$384,$466,$22,$20,$2,$22,$-2,$-0,$-0,$1,$4,$49,$-3,$-0,$0,$-22,$0,$-22,$0,$-25,$-0,$0,$-0,$6,$6,$-34,$1,$-28,$-4,$4,$-34
46,2007-03-31,8.97,$5.42,1.66,$4.14,2.17,$0.77,11.7,$0.36,24.92,$0.32B,$0.06B,5.47,$0.01B,$0.39B,0.01,$0.30B,$0.13B,42.23%,$0.30B,$0.05B,15.20%,$0.30B,$0.05B,15.20%,$0.30B,$0.06B,18.92%,$0.30B,$0.05B,17.57%,$0.30B,$0.03B,11.49%,$0.03B,$0.39B,11.69%,$0.03B,$0.38B,11.79%,$0.03B,$0.46B,9.86%,$0.05B,$0.39B,15.25%,$107,$58,$49,$0,$26,$87,$21,$3,$23,$8,$15,$15,$15,$23,$21,$71,72,$0.21,$0.21,$255,$4,$0,$324,$68,$0,$3,$13,$138,$461,$59,$6,$0,$16,$76,$1,$94,$1,$386,$461,$15,$2,$1,$3,$8,$-1,$-1,$-6,$6,$25,$-1,$-0,$0,$-17,$0,$-17,$0,$-18,$-0,$0,$-0,$1,$1,$-17,$0,$-16,$-10,$2,$-17
47,2006-12-31,8.84,$0.00,0.0,$3.95,2.23,$0.45,19.61,$0.15,58.91,$0.32B,$0.06B,5.13,$0.01B,$0.39B,0.02,$0.28B,$0.12B,41.13%,$0.28B,$0.04B,14.18%,$0.28B,$0.04B,14.18%,$0.28B,$0.05B,17.73%,$0.28B,$0.05B,16.31%,$0.28B,$0.03B,10.64%,$0.03B,$0.39B,10.26%,$0.03B,$0.38B,10.34%,$0.03B,$0.45B,8.66%,$0.04B,$0.39B,13.47%,$0,$0,$0,$0,$0,$0,$0,$0,$0,$0,$0,$0,$0,$0,$0,$0,0,$0.00,$0.00,$248,$3,$0,$317,$68,$0,$3,$11,$136,$453,$62,$6,$0,$6,$68,$1,$97,$1,$386,$453,$0,$0,$0,$0,$0,$0,$0,$0,$0,$0,$0,$0,$0,$0,$0,$0,$0,$0,$0,$0,$0,$0,$0,$0,$0,$0,$0,$0,$0
48,2006-10-31,8.91,$5.51,1.62,$5.63,1.58,$0.68,13.09,$0.31,28.74,$0.33B,$0.07B,4.81,$0.01B,$0.39B,0.02,$0.40B,$0.16B,40.40%,$0.40B,$0.06B,15.21%,$0.40B,$0.06B,15.21%,$0.40B,$0.07B,16.96%,$0.40B,$0.07B,17.21%,$0.40B,$0.05B,11.22%,$0.05B,$0.39B,22.96%,$0.05B,$0.39B,23.11%,$0.05B,$0.47B,19.31%,$0.06B,$0.40B,30.65%,$96,$58,$38,$0,$25,$85,$12,$3,$15,$4,$10,$10,$10,$19,$12,$71,72,$0.15,$0.15,$254,$3,$0,$328,$68,$0,$3,$14,$137,$465,$68,$6,$0,$6,$74,$1,$105,$1,$391,$465,$22,$4,$2,$6,$12,$-2,$-5,$-21,$-18,$9,$-4,$-2,$0,$-29,$0,$-29,$0,$-34,$-0,$0,$-0,$4,$4,$-34,$1,$-30,$-55,$4,$-34
49,2006-09-30,8.78,$0.00,0.0,$4.28,2.05,$1.43,6.15,$0.31,28.32,$0.00B,$0.00B,0.0,$0.00B,$0.00B,0.0,$0.42B,$0.24B,56.80%,$0.42B,$0.16B,38.19%,$0.42B,$0.16B,38.19%,$0.42B,$0.16B,38.90%,$0.42B,$0.17B,39.38%,$0.42B,$0.15B,34.84%,$0.15B,$0.00B,74.02%,$0.15B,$0.00B,74.39%,$0.15B,$0.00B,61.73%,$0.16B,$0.00B,79.80%,$93,$55,$38,$0,$24,$81,$12,$2,$14,$5,$9,$9,$9,$14,$12,$71,72,$0.13,$0.13,$0,$0,$0,$0,$0,$0,$0,$0,$0,$0,$0,$0,$0,$0,$0,$0,$0,$0,$0,$0,$33,$5,$2,$7,$9,$-2,$-2,$-17,$-8,$33,$-6,$-2,$0,$54,$0,$54,$0,$45,$-1,$0,$-1,$13,$13,$-51,$2,$-36,$41,$5,$-51
50,2006-07-31,8.6,$5.55,1.55,$4.32,1.99,$1.29,6.68,$0.31,27.73,$0.34B,$0.07B,4.9,$0.01B,$0.39B,0.02,$0.42B,$0.24B,57.96%,$0.42B,$0.16B,38.48%,$0.42B,$0.16B,38.48%,$0.42B,$0.17B,40.38%,$0.42B,$0.17B,39.90%,$0.42B,$0.15B,34.68%,$0.15B,$0.39B,74.02%,$0.15B,$0.39B,74.39%,$0.15B,$0.47B,61.73%,$0.16B,$0.40B,80.80%,$93,$53,$40,$0,$23,$78,$16,$2,$17,$6,$11,$11,$11,$17,$16,$71,71,$0.16,$0.16,$264,$3,$0,$336,$68,$0,$3,$12,$131,$467,$69,$6,$0,$6,$75,$1,$112,$0,$393,$467,$11,$2,$2,$4,$10,$-1,$-5,$-14,$-12,$2,$-2,$-2,$0,$-28,$0,$-28,$0,$-31,$-0,$0,$-0,$2,$2,$-17,$0,$-15,$-44,$2,$-17
51,2006-06-30,8.9,$0.00,0.0,$4.47,1.99,$1.93,4.62,$0.31,28.7,$0.00B,$0.00B,0.0,$0.00B,$0.00B,0.0,$0.43B,$0.25B,58.24%,$0.43B,$0.17B,38.75%,$0.43B,$0.17B,38.75%,$0.43B,$0.18B,42.00%,$0.43B,$0.18B,40.60%,$0.43B,$0.15B,34.57%,$0.15B,$0.00B,75.73%,$0.15B,$0.00B,75.92%,$0.15B,$0.00B,62.54%,$0.17B,$0.00B,83.40%,$119,$73,$46,$0,$23,$98,$21,$2,$23,$8,$15,$15,$15,$18,$21,$71,71,$0.21,$0.21,$0,$0,$0,$0,$0,$0,$0,$0,$0,$0,$0,$0,$0,$0,$0,$0,$0,$0,$0,$0,$24,$4,$-0,$4,$0,$-1,$-2,$-9,$-7,$21,$-5,$-2,$0,$81,$0,$81,$0,$75,$-0,$0,$-0,$13,$13,$-34,$1,$-19,$76,$3,$-34
