,Date,Stock Price,Book Value per Share,Price to Book Ratio,TTM Sales per Share,Price to Sales Ratio,TTM FCF per Share,Price to FCF Ratio,TTM Net EPS,PE Ratio,Current Assets,Current Liabilities,Current Ratio,Long Term Debt,Shareholder's Equity_x,Debt to Equity Ratio,TTM Revenue_x,TTM Gross Profit,Gross Margin,TTM Revenue_y,TTM Operating Income,Operating Margin,TTM Revenue_x,TTM EBIT,EBIT Margin,TTM Revenue_y,TTM EBITDA,EBITDA Margin,TTM Revenue_x,TTM Pre-Tax Income,Pre-Tax Margin,TTM Revenue_y,TTM Net Income_x,Net Margin,TTM Net Income_y,Shareholder's Equity_y,Return on Equity,TTM Net Income_x,Tangible Equity,Return on Tangible Equity,TTM Net Income_y,Total Assets,Return on Assets,TTM Net Income,LT Investments & Debt,Return on Investment,revenue,cost-goods-sold,gross-profit,research-development-expenses,selling-general-administrative-expenses,operating-expenses,operating-income,total-non-operating-income-expense,pre-tax-income,total-provision-income-taxes,income-after-taxes,income-from-continuous-operations,net-income,ebitda,ebit,basic-shares-outstanding,shares-outstanding,eps-basic-net-earnings-per-share,eps-earnings-per-share-diluted,cash-on-hand,inventory,other-current-assets,total-current-assets,net-property-plant-equipment,long-term-investments,goodwill-intangible-assets-total,other-long-term-assets,total-long-term-assets,total-assets,total-current-liabilities,long-term-debt,other-non-current-liabilities,total-long-term-liabilities,total-liabilities,common-stock-net,retained-earnings-accumulated-deficit,comprehensive-income,total-share-holder-equity,total-liabilities-share-holders-equity,net-income-loss,total-depreciation-amortization-cash-flow,other-non-cash-items,total-non-cash-items,change-in-accounts-receivable,change-in-inventories,change-in-accounts-payable,change-in-assets-liabilities,total-change-in-assets-liabilities,cash-flow-from-operating-activities,net-change-in-property-plant-equipment,net-change-in-intangible-assets,net-acquisitions-divestitures,net-change-in-short-term-investments,net-change-in-long-term-investments,net-change-in-investments-total,investing-activities-other,cash-flow-from-investing-activities,net-long-term-debt,net-current-debt,debt-issuance-retirement-net-total,net-common-equity-issued-repurchased,net-total-equity-issued-repurchased,total-common-preferred-stock-dividends-paid,financial-activities-other,cash-flow-from-financial-activities,net-cash-flow,stock-based-compensation,common-stock-dividends-paid
0,2018-09-30,92.94,$31.65,2.94,$24.18,3.84,$4.66,19.96,$6.83,13.61,$1.43B,$0.85B,1.69,$1.49B,$3.03B,0.49,$2.27B,$1.97B,86.84%,$2.27B,$0.82B,36.38%,$2.27B,$0.82B,36.38%,$2.27B,$1.37B,60.35%,$2.27B,$0.79B,35.01%,$2.27B,$0.64B,28.30%,$0.64B,$3.03B,22.83%,$0.64B,$2.41B,29.30%,$0.64B,$5.82B,11.84%,$0.82B,$4.51B,19.18%,$591,$76,$515,$0,$67,$395,$197,$-4,$193,$44,$148,$148,$146,$333,$197,$94,94,$1.56,$1.56,$864,$56,$33,$1428,$3733,$0,$620,$38,$4391,$5818,$845,$1488,$215,$1947,$2793,$1,$244,$3,$3026,$5818,$476,$413,$217,$630,$-12,$0,$60,$4,$52,$1158,$-653,$0,$0,$0,$0,$0,$1,$-652,$0,$0,$0,$2,$2,$-38,$-6,$-42,$463,$16,$-38
1,2018-06-30,101.55,$30.26,3.36,$22.83,4.45,$-2.53,0.0,$6.23,16.3,$0.99B,$0.74B,1.34,$1.49B,$2.89B,0.52,$2.14B,$1.85B,86.53%,$2.14B,$0.78B,36.34%,$2.14B,$0.78B,36.34%,$2.14B,$1.30B,60.57%,$2.14B,$0.74B,34.75%,$2.14B,$0.59B,27.36%,$0.59B,$2.89B,22.06%,$0.59B,$2.27B,28.79%,$0.59B,$5.53B,11.36%,$0.78B,$4.37B,18.77%,$556,$79,$477,$0,$60,$364,$193,$-9,$183,$42,$141,$141,$141,$336,$193,$94,94,$1.48,$1.48,$411,$53,$74,$990,$3884,$0,$620,$37,$4541,$5531,$737,$1488,$219,$1908,$2645,$1,$113,$2,$2886,$5531,$327,$276,$113,$389,$15,$0,$-29,$2,$-12,$704,$-672,$0,$0,$0,$0,$0,$1,$-672,$0,$0,$0,$1,$1,$-23,$-1,$-22,$10,$10,$-23
2,2018-03-31,93.17,$28.83,3.23,$21.78,4.28,$-3.80,0.0,$5.77,16.15,$0.98B,$0.66B,1.49,$1.49B,$2.75B,0.54,$2.04B,$1.77B,86.70%,$2.04B,$0.78B,38.27%,$2.04B,$0.78B,38.27%,$2.04B,$1.26B,61.97%,$2.04B,$0.72B,35.13%,$2.04B,$0.54B,26.55%,$0.54B,$2.75B,21.57%,$0.54B,$2.13B,28.65%,$0.54B,$5.26B,11.02%,$0.78B,$4.24B,19.52%,$567,$71,$496,$0,$70,$316,$251,$-7,$243,$57,$186,$186,$186,$384,$251,$94,94,$1.96,$1.96,$464,$54,$38,$978,$3619,$0,$620,$43,$4282,$5260,$658,$1487,$205,$1850,$2509,$1,$-13,$2,$2752,$5260,$186,$133,$48,$181,$45,$0,$-30,$2,$16,$383,$-312,$0,$0,$0,$0,$0,$0,$-312,$0,$0,$0,$0,$0,$-8,$-0,$-8,$63,$7,$-8
3,2017-12-31,121.49,$26.91,4.51,$20.52,5.92,$-5.26,0.0,$5.19,23.41,$0.94B,$0.68B,1.38,$1.49B,$2.57B,0.58,$1.92B,$1.66B,86.34%,$1.92B,$0.75B,39.10%,$1.92B,$0.75B,39.10%,$1.92B,$1.20B,62.36%,$1.92B,$0.68B,35.56%,$1.92B,$0.49B,25.34%,$0.49B,$2.57B,20.48%,$0.49B,$1.95B,27.72%,$0.49B,$5.04B,10.36%,$0.75B,$4.06B,19.43%,$551,$72,$479,$0,$64,$368,$183,$-9,$174,$-0,$175,$175,$168,$314,$183,$93,94,$1.83,$1.83,$401,$50,$17,$936,$3452,$0,$620,$34,$4107,$5043,$680,$1487,$206,$1795,$2474,$1,$-199,$2,$2568,$5043,$494,$446,$243,$689,$-186,$0,$115,$-16,$-87,$1097,$-1267,$0,$0,$0,$0,$0,$1,$-1266,$-2,$0,$-2,$0,$0,$-31,$-51,$-83,$-252,$26,$-31
4,2017-09-30,113.11,$25.22,4.49,$18.72,6.04,$-4.23,0.0,$3.76,30.08,$0.89B,$0.59B,1.51,$1.49B,$2.40B,0.62,$1.75B,$1.45B,82.96%,$1.75B,$0.67B,38.42%,$1.75B,$0.67B,38.42%,$1.75B,$1.08B,61.52%,$1.75B,$0.60B,34.36%,$1.75B,$0.37B,20.93%,$0.37B,$2.40B,16.32%,$0.37B,$1.78B,22.56%,$0.37B,$4.77B,8.15%,$0.67B,$3.89B,18.02%,$464,$65,$398,$0,$61,$314,$150,$-7,$143,$51,$91,$91,$90,$261,$150,$94,94,$0.96,$0.96,$423,$55,$10,$894,$3223,$0,$620,$32,$3875,$4769,$593,$1487,$188,$1774,$2367,$1,$-374,$2,$2402,$4769,$320,$315,$194,$509,$-129,$0,$76,$-19,$-73,$756,$-925,$0,$0,$0,$0,$0,$1,$-925,$-2,$0,$-2,$0,$0,$-23,$-37,$-61,$-230,$20,$-23
5,2017-06-30,93.47,$24.25,3.85,$17.37,5.38,$-2.95,0.0,$2.66,35.14,$0.93B,$0.53B,1.76,$1.49B,$2.31B,0.64,$1.62B,$1.34B,82.42%,$1.62B,$0.52B,31.96%,$1.62B,$0.52B,31.96%,$1.62B,$0.90B,55.58%,$1.62B,$0.44B,27.27%,$1.62B,$0.27B,16.35%,$0.27B,$2.31B,11.91%,$0.27B,$1.69B,16.51%,$0.27B,$4.56B,5.98%,$0.52B,$3.80B,13.95%,$456,$63,$394,$0,$52,$260,$196,$-41,$156,$59,$97,$97,$97,$304,$196,$93,93,$1.02,$1.02,$520,$45,$21,$928,$2982,$0,$620,$33,$3635,$4563,$526,$1486,$191,$1725,$2251,$1,$-465,$2,$2312,$4563,$228,$204,$113,$316,$-61,$0,$32,$-11,$-40,$505,$-591,$0,$0,$0,$0,$0,$0,$-591,$-2,$0,$-2,$0,$0,$-15,$-30,$-47,$-133,$13,$-15
6,2017-03-31,118.72,$23.24,5.11,$15.69,7.57,$-3.23,0.0,$-1.27,0.0,$0.95B,$0.51B,1.87,$1.49B,$2.21B,0.67,$1.46B,$1.24B,84.77%,$1.46B,$-0.00B,-0.14%,$1.46B,$-0.00B,-0.14%,$1.46B,$0.38B,25.61%,$1.46B,$-0.05B,-3.48%,$1.46B,$-0.05B,-3.14%,$-0.05B,$2.21B,-2.06%,$-0.05B,$1.59B,-2.85%,$-0.05B,$4.39B,-1.04%,$-0.00B,$3.70B,-0.05%,$447,$62,$385,$0,$54,$226,$221,$-12,$209,$78,$131,$131,$131,$317,$221,$93,93,$1.38,$1.38,$579,$37,$8,$949,$2779,$0,$620,$35,$3445,$4394,$507,$1489,$187,$1676,$2183,$1,$-563,$1,$2211,$4394,$131,$96,$39,$135,$-45,$0,$31,$-3,$-16,$250,$-315,$0,$0,$0,$0,$0,$0,$-315,$0,$0,$0,$0,$0,$-8,$-1,$-9,$-74,$6,$-8
7,2016-12-31,134.94,$21.48,6.28,$13.49,10.0,$-3.47,0.0,$-4.65,0.0,$0.97B,$0.52B,1.86,$1.49B,$2.04B,0.73,$1.26B,$1.03B,81.56%,$1.26B,$-0.57B,-45.47%,$1.26B,$-0.57B,-45.47%,$1.26B,$-0.18B,-14.39%,$1.26B,$-0.62B,-49.60%,$1.26B,$-0.41B,-32.43%,$-0.41B,$2.04B,-17.48%,$-0.41B,$1.42B,-23.80%,$-0.41B,$4.24B,-8.96%,$-0.57B,$3.53B,-14.97%,$382,$108,$274,$0,$-7,$277,$105,$-12,$93,$45,$48,$48,$48,$194,$105,$93,93,$0.54,$0.54,$653,$33,$1,$969,$2560,$0,$620,$33,$3268,$4238,$522,$1488,$184,$1672,$2195,$1,$-722,$1,$2043,$4238,$-409,$392,$642,$1034,$-49,$0,$25,$25,$1,$626,$-700,$0,$0,$0,$0,$0,$8,$-692,$0,$0,$0,$5,$5,$-38,$-27,$-60,$-127,$25,$-38
8,2016-09-30,133.34,$24.57,5.43,$12.75,10.46,$-5.73,0.0,$-11.83,0.0,$0.97B,$0.44B,2.19,$1.49B,$2.33B,0.64,$1.19B,$0.99B,83.07%,$1.19B,$-1.94B,-163.27%,$1.19B,$-1.94B,-163.27%,$1.19B,$-1.52B,-128.39%,$1.19B,$-1.99B,-167.73%,$1.19B,$-1.26B,-105.90%,$-1.26B,$2.33B,-51.56%,$-1.26B,$1.71B,-69.14%,$-1.26B,$4.54B,-26.92%,$-1.94B,$3.82B,-49.38%,$336,$53,$283,$0,$50,$340,$-4,$-12,$-16,$-5,$-11,$-11,$-11,$86,$-4,$93,93,$-0.12,$-0.12,$699,$35,$2,$967,$2919,$0,$620,$33,$3572,$4539,$441,$1487,$189,$1764,$2205,$1,$-443,$1,$2333,$4539,$-457,$303,$564,$867,$-2,$0,$9,$23,$30,$441,$-490,$0,$0,$0,$0,$0,$6,$-484,$0,$0,$0,$5,$5,$-30,$-11,$-37,$-81,$19,$-30
9,2016-06-30,118.33,$24.71,4.79,$12.98,9.12,$-7.49,0.0,$-19.90,0.0,$0.92B,$0.40B,2.28,$1.49B,$2.35B,0.63,$1.21B,$0.99B,82.02%,$1.21B,$-3.11B,-258.00%,$1.21B,$-3.11B,-258.00%,$1.21B,$-2.60B,-215.74%,$1.21B,$-3.17B,-262.39%,$1.21B,$-2.01B,-166.45%,$-2.01B,$2.35B,-74.04%,$-2.01B,$1.73B,-95.98%,$-2.01B,$4.53B,-39.24%,$-3.11B,$3.83B,-74.09%,$299,$0,$299,$0,$108,$623,$-324,$-13,$-337,$-122,$-214,$-214,$-214,$-222,$-324,$93,93,$-2.31,$-2.31,$642,$38,$3,$918,$2959,$0,$620,$35,$3614,$4532,$403,$1487,$202,$1782,$2185,$1,$-431,$1,$2347,$4532,$-446,$213,$462,$674,$-4,$17,$-24,$0,$-11,$218,$-330,$0,$0,$0,$0,$0,$0,$-330,$0,$0,$0,$1,$1,$-23,$-4,$-25,$-138,$13,$-23
10,2016-03-31,96.4,$27.57,3.5,$14.33,6.72,$-9.04,0.0,$-23.46,0.0,$0.93B,$0.36B,2.61,$1.49B,$2.61B,0.57,$1.33B,$1.05B,78.45%,$1.33B,$-3.72B,-279.50%,$1.33B,$-3.72B,-279.50%,$1.33B,$-3.10B,-232.58%,$1.33B,$-3.77B,-283.18%,$1.33B,$-2.40B,-179.80%,$-2.40B,$2.61B,-75.42%,$-2.40B,$1.99B,-93.72%,$-2.40B,$4.90B,-40.74%,$-3.72B,$4.10B,-79.74%,$241,$71,$170,$0,$41,$590,$-349,$-14,$-364,$-132,$-231,$-231,$-231,$-239,$-349,$93,93,$-2.49,$-2.49,$677,$45,$12,$931,$3314,$0,$620,$36,$3970,$4901,$357,$1486,$197,$1930,$2287,$1,$-160,$1,$2614,$4901,$-231,$111,$201,$311,$33,$0,$-41,$14,$6,$85,$-173,$0,$0,$0,$0,$0,$0,$-173,$0,$0,$0,$0,$0,$-15,$-0,$-15,$-103,$6,$-15
11,2015-12-31,88.41,$25.93,3.41,$15.96,5.54,$-11.31,0.0,$-26.30,0.0,$1.08B,$0.41B,2.63,$1.49B,$2.46B,0.6,$1.45B,$1.15B,79.48%,$1.45B,$-4.01B,-276.10%,$1.45B,$-4.01B,-276.10%,$1.45B,$-3.28B,-225.76%,$1.45B,$-4.05B,-279.06%,$1.45B,$-2.58B,-177.62%,$-2.58B,$2.46B,-72.78%,$-2.58B,$1.84B,-88.22%,$-2.58B,$4.71B,-38.97%,$-4.01B,$3.94B,-79.54%,$311,$77,$234,$0,$56,$1572,$-1261,$-13,$-1274,$-472,$-801,$-801,$-801,$-1149,$-1261,$93,93,$-8.23,$-8.23,$779,$55,$12,$1078,$2971,$0,$620,$39,$3630,$4708,$410,$1486,$197,$1840,$2250,$1,$-306,$0,$2458,$4708,$-2580,$731,$2568,$3300,$187,$0,$-243,$61,$5,$726,$-1010,$0,$0,$0,$0,$0,$1,$-1009,$0,$0,$0,$761,$761,$-58,$-46,$656,$374,$20,$-58
12,2015-09-30,101.23,$36.32,2.79,$18.89,5.36,$-9.77,0.0,$-18.66,0.0,$1.24B,$0.48B,2.57,$1.50B,$3.43B,0.44,$1.68B,$1.37B,81.37%,$1.68B,$-2.59B,-154.35%,$1.68B,$-2.59B,-154.35%,$1.68B,$-1.79B,-106.37%,$1.68B,$-2.63B,-156.37%,$1.68B,$-1.69B,-100.36%,$-1.69B,$3.43B,-41.59%,$-1.69B,$2.81B,-49.10%,$-1.69B,$6.34B,-22.13%,$-2.59B,$4.93B,-46.72%,$356,$69,$287,$0,$53,$1536,$-1180,$-12,$-1192,$-429,$-763,$-763,$-763,$-994,$-1180,$93,93,$-8.21,$-8.21,$899,$65,$3,$1238,$4423,$0,$620,$55,$5098,$6336,$481,$1500,$188,$2421,$2902,$1,$679,$0,$3434,$6336,$-1778,$620,$1776,$2396,$152,$0,$-223,$30,$-41,$577,$-790,$0,$0,$0,$0,$0,$0,$-790,$0,$0,$0,$772,$772,$-43,$-23,$707,$493,$15,$-43
13,2015-06-30,108.82,$44.42,2.45,$22.63,4.81,$-7.29,0.0,$-8.80,0.0,$1.27B,$0.50B,2.54,$1.50B,$4.20B,0.36,$1.97B,$1.64B,83.13%,$1.97B,$-1.18B,-59.98%,$1.97B,$-1.18B,-59.98%,$1.97B,$-0.35B,-17.48%,$1.97B,$-1.21B,-61.09%,$1.97B,$-0.78B,-39.56%,$-0.78B,$4.20B,-18.15%,$-0.78B,$3.58B,-21.21%,$-0.78B,$7.57B,-9.53%,$-1.18B,$5.70B,-20.42%,$424,$71,$354,$0,$56,$1358,$-933,$-9,$-942,$-342,$-600,$-600,$-600,$-716,$-933,$93,93,$-6.47,$-6.47,$857,$75,$1,$1267,$5625,$0,$620,$56,$6301,$7569,$499,$1500,$196,$2873,$3372,$1,$1457,$1,$4196,$7569,$-1015,$434,$1020,$1454,$92,$0,$-177,$16,$-69,$371,$-626,$0,$0,$0,$0,$0,$0,$-626,$0,$0,$0,$757,$757,$-28,$-23,$706,$451,$10,$-28
14,2015-03-31,113.38,$46.61,2.43,$25.49,4.45,$-9.42,0.0,$-0.63,0.0,$0.56B,$0.55B,1.01,$1.50B,$4.09B,0.37,$2.19B,$1.84B,84.04%,$2.19B,$-0.01B,-0.50%,$2.19B,$-0.01B,-0.50%,$2.19B,$0.81B,36.85%,$2.19B,$-0.03B,-1.28%,$2.19B,$-0.04B,-1.60%,$-0.04B,$4.09B,-0.81%,$-0.04B,$3.47B,-0.94%,$-0.04B,$7.86B,-0.42%,$-0.01B,$5.59B,-0.19%,$361,$82,$279,$0,$52,$996,$-635,$-8,$-644,$-229,$-415,$-415,$-415,$-419,$-635,$86,86,$-4.84,$-4.84,$121,$81,$1,$561,$6621,$0,$620,$58,$7299,$7860,$553,$1500,$198,$3221,$3774,$1,$2073,$1,$4086,$7860,$-415,$217,$384,$601,$72,$0,$-156,$11,$-73,$113,$-389,$0,$0,$0,$0,$0,$0,$-389,$0,$0,$0,$5,$5,$-14,$0,$-9,$-285,$5,$-14
15,2014-12-31,104.26,$51.38,2.03,$28.28,3.69,$-7.28,0.0,$5.80,17.98,$0.93B,$0.78B,1.2,$1.48B,$4.50B,0.33,$2.43B,$2.08B,85.90%,$2.43B,$0.84B,34.80%,$2.43B,$0.84B,34.80%,$2.43B,$1.62B,66.76%,$2.43B,$0.84B,34.47%,$2.43B,$0.52B,21.28%,$0.52B,$4.50B,11.89%,$0.52B,$3.88B,13.87%,$0.52B,$8.71B,6.19%,$0.84B,$5.98B,14.76%,$539,$92,$447,$0,$65,$383,$155,$-4,$151,$56,$95,$95,$92,$342,$155,$86,86,$1.06,$1.06,$406,$90,$1,$932,$7115,$0,$620,$42,$7777,$8708,$776,$1483,$194,$3432,$4208,$1,$2502,$1,$4501,$8708,$526,$776,$332,$1108,$-35,$-25,$46,$0,$-15,$1619,$-1749,$0,$0,$0,$0,$0,$8,$-1740,$576,$0,$576,$12,$12,$-54,$-12,$522,$401,$15,$-54
16,2014-09-30,124.28,$50.77,2.45,$28.06,4.43,$-8.56,0.0,$7.31,17.0,$1.11B,$0.82B,1.36,$1.50B,$4.43B,0.34,$2.40B,$2.08B,86.60%,$2.40B,$1.01B,42.07%,$2.40B,$1.01B,42.07%,$2.40B,$1.77B,73.74%,$2.40B,$1.01B,41.99%,$2.40B,$0.63B,26.05%,$0.63B,$4.43B,14.83%,$0.63B,$3.81B,17.38%,$0.63B,$8.64B,7.85%,$1.01B,$5.93B,18.52%,$650,$89,$561,$0,$66,$421,$229,$0,$229,$85,$144,$144,$142,$448,$229,$86,86,$1.65,$1.65,$564,$93,$3,$1111,$6854,$0,$620,$59,$7534,$8644,$816,$1500,$188,$3398,$4214,$1,$2440,$1,$4430,$8644,$431,$588,$274,$862,$-63,$0,$69,$-28,$-22,$1272,$-1256,$0,$0,$0,$0,$0,$8,$-1248,$576,$0,$576,$11,$11,$-40,$-12,$535,$559,$11,$-40
17,2014-06-30,140.75,$49.26,2.86,$27.06,5.2,$-10.94,0.0,$7.25,19.41,$0.69B,$0.80B,0.86,$1.50B,$4.29B,0.35,$2.31B,$2.01B,86.65%,$2.31B,$1.01B,43.52%,$2.31B,$1.01B,43.52%,$2.31B,$1.71B,73.81%,$2.31B,$1.00B,43.22%,$2.31B,$0.62B,26.79%,$0.62B,$4.29B,15.24%,$0.62B,$3.67B,17.98%,$0.62B,$8.40B,8.18%,$1.01B,$5.79B,19.53%,$637,$86,$551,$0,$62,$396,$240,$-4,$236,$88,$149,$149,$146,$435,$240,$86,86,$1.71,$1.70,$129,$85,$1,$686,$7032,$0,$620,$60,$7713,$8399,$801,$1500,$185,$3311,$4112,$1,$2309,$1,$4287,$8399,$287,$369,$196,$565,$-82,$0,$19,$-19,$-82,$770,$-1189,$0,$0,$0,$0,$0,$0,$-1189,$576,$0,$576,$4,$4,$-26,$-11,$543,$124,$7,$-26
18,2014-03-31,116.71,$47.66,2.45,$25.43,4.59,$-8.31,0.0,$7.04,16.58,$0.52B,$0.73B,0.71,$1.03B,$4.15B,0.25,$2.17B,$1.88B,86.50%,$2.17B,$0.97B,44.73%,$2.17B,$0.97B,44.73%,$2.17B,$1.62B,74.80%,$2.17B,$0.97B,44.68%,$2.17B,$0.60B,27.68%,$0.60B,$4.15B,15.35%,$0.60B,$3.53B,18.23%,$0.60B,$7.62B,8.37%,$0.97B,$5.17B,20.01%,$599,$75,$524,$0,$67,$379,$220,$0,$220,$82,$138,$138,$136,$394,$220,$85,86,$1.59,$1.59,$5,$84,$0,$515,$6434,$0,$620,$49,$7104,$7619,$729,$1025,$178,$2742,$3471,$1,$2175,$1,$4148,$7619,$138,$174,$101,$275,$-36,$0,$-9,$-21,$-65,$348,$-440,$0,$0,$0,$0,$0,$0,$-440,$0,$101,$101,$3,$3,$-12,$0,$92,$-0,$4,$-12
19,2013-12-31,102.67,$46.15,2.22,$23.45,4.38,$-8.92,0.0,$6.49,15.82,$0.47B,$0.68B,0.69,$0.92B,$4.02B,0.23,$2.00B,$1.71B,85.64%,$2.00B,$0.90B,44.79%,$2.00B,$0.90B,44.79%,$2.00B,$1.51B,75.63%,$2.00B,$0.89B,44.69%,$2.00B,$0.55B,27.73%,$0.55B,$4.02B,14.70%,$0.55B,$3.40B,17.60%,$0.55B,$7.25B,8.01%,$0.90B,$4.95B,19.19%,$517,$72,$445,$0,$60,$194,$322,$2,$324,$117,$207,$207,$202,$495,$322,$85,85,$2.35,$2.35,$5,$67,$5,$469,$6113,$0,$620,$51,$6784,$7253,$683,$924,$164,$2548,$3231,$1,$2050,$1,$4022,$7253,$565,$616,$349,$965,$-65,$0,$-13,$-127,$-205,$1324,$-1563,$0,$0,$0,$0,$0,$32,$-1531,$174,$0,$174,$14,$14,$-47,$-0,$142,$-65,$14,$-47
20,2013-09-30,94.21,$43.95,2.14,$22.58,4.17,$-8.75,0.0,$5.26,17.91,$0.50B,$0.71B,0.7,$0.90B,$3.82B,0.24,$1.92B,$1.64B,85.38%,$1.92B,$0.73B,38.14%,$1.92B,$0.73B,38.14%,$1.92B,$1.32B,68.42%,$1.92B,$0.73B,37.77%,$1.92B,$0.45B,23.26%,$0.45B,$3.82B,12.31%,$0.45B,$3.20B,14.85%,$0.45B,$7.05B,6.69%,$0.73B,$4.72B,16.35%,$561,$76,$485,$0,$60,$337,$225,$-4,$220,$82,$138,$138,$136,$384,$225,$85,85,$1.59,$1.59,$5,$70,$11,$497,$5883,$0,$620,$54,$6557,$7054,$706,$900,$294,$2532,$3238,$1,$1855,$1,$3816,$7054,$358,$443,$232,$675,$-88,$10,$-14,$0,$-92,$941,$-1128,$0,$0,$0,$0,$0,$-3,$-1131,$0,$150,$150,$10,$10,$-35,$-0,$125,$-65,$10,$-35
21,2013-06-30,63.4,$42.53,1.49,$20.79,3.05,$-10.48,0.0,$4.64,13.66,$0.49B,$0.67B,0.72,$0.89B,$3.68B,0.24,$1.77B,$1.50B,84.84%,$1.77B,$0.64B,36.09%,$1.77B,$0.64B,36.09%,$1.77B,$1.20B,67.70%,$1.77B,$0.64B,36.09%,$1.77B,$0.39B,22.29%,$0.39B,$3.68B,11.19%,$0.39B,$3.06B,13.66%,$0.39B,$6.80B,6.07%,$0.64B,$4.57B,14.64%,$494,$69,$424,$0,$59,$290,$204,$2,$206,$77,$130,$130,$127,$351,$204,$85,85,$1.50,$1.49,$5,$67,$8,$487,$5634,$0,$620,$56,$6310,$6796,$672,$892,$293,$2446,$3117,$1,$1729,$1,$3679,$6796,$219,$284,$130,$413,$-55,$0,$-29,$21,$-63,$570,$-762,$0,$0,$0,$0,$0,$6,$-756,$0,$142,$142,$2,$2,$-22,$0,$121,$-65,$7,$-22
22,2013-03-31,73.45,$41.12,1.79,$19.17,3.83,$-10.39,0.0,$3.89,18.88,$0.44B,$0.65B,0.69,$0.87B,$3.56B,0.25,$1.63B,$1.37B,84.02%,$1.63B,$0.55B,33.74%,$1.63B,$0.55B,33.74%,$1.63B,$1.08B,66.56%,$1.63B,$0.53B,32.82%,$1.63B,$0.33B,20.28%,$0.33B,$3.56B,9.64%,$0.33B,$2.93B,11.92%,$0.33B,$6.57B,5.23%,$0.55B,$4.43B,12.99%,$426,$69,$357,$0,$50,$282,$144,$-1,$143,$53,$90,$90,$89,$281,$144,$85,85,$1.04,$1.04,$19,$73,$1,$444,$5450,$0,$620,$55,$6125,$6570,$646,$870,$322,$2370,$3015,$1,$1612,$1,$3555,$6570,$90,$136,$63,$199,$-31,$0,$-24,$13,$-42,$247,$-390,$0,$0,$0,$0,$0,$-20,$-409,$0,$120,$120,$1,$1,$-10,$0,$111,$-51,$4,$-10
23,2012-12-31,56.11,$40.13,1.4,$19.18,2.93,$-10.47,0.0,$4.08,13.75,$0.47B,$0.65B,0.73,$0.75B,$3.48B,0.22,$1.62B,$1.37B,84.05%,$1.62B,$0.57B,35.10%,$1.62B,$0.57B,35.10%,$1.62B,$1.09B,66.81%,$1.62B,$0.56B,34.48%,$1.62B,$0.35B,21.37%,$0.35B,$3.48B,10.38%,$0.35B,$2.86B,12.99%,$0.35B,$6.31B,5.69%,$0.57B,$4.23B,14.01%,$441,$66,$375,$0,$38,$280,$160,$-4,$157,$58,$99,$99,$95,$299,$160,$85,85,$1.12,$1.13,$70,$81,$1,$470,$5157,$0,$620,$57,$5835,$6305,$646,$750,$313,$2185,$2830,$1,$1534,$0,$3475,$6305,$354,$514,$267,$781,$56,$0,$-3,$4,$58,$1193,$-1416,$0,$0,$0,$0,$0,$1,$-1415,$386,$-55,$331,$11,$11,$-40,$-14,$289,$67,$22,$-40
24,2012-09-30,56.79,$39.03,1.45,$19.11,2.97,$-10.80,0.0,$4.30,13.21,$0.43B,$0.65B,0.66,$0.83B,$3.38B,0.25,$1.61B,$1.36B,84.00%,$1.61B,$0.59B,36.76%,$1.61B,$0.59B,36.76%,$1.61B,$1.08B,66.96%,$1.61B,$0.59B,36.45%,$1.61B,$0.36B,22.13%,$0.36B,$3.38B,10.96%,$0.36B,$2.69B,13.81%,$0.36B,$6.31B,6.09%,$0.59B,$4.21B,15.22%,$407,$63,$344,$0,$53,$277,$130,$2,$132,$48,$84,$84,$83,$266,$130,$85,85,$0.97,$0.97,$5,$78,$7,$428,$5145,$0,$691,$49,$5886,$6313,$652,$830,$325,$2284,$2935,$1,$1445,$0,$3378,$6313,$255,$375,$204,$580,$24,$0,$-32,$9,$2,$836,$-1170,$0,$0,$0,$0,$0,$-42,$-1212,$386,$25,$411,$10,$10,$-29,$-14,$379,$3,$18,$-29
25,2012-06-30,53.36,$38.28,1.39,$19.35,2.76,$-8.58,0.0,$4.82,11.07,$0.45B,$0.61B,0.74,$0.75B,$3.29B,0.23,$1.64B,$1.38B,84.27%,$1.64B,$0.67B,40.61%,$1.64B,$0.67B,40.61%,$1.64B,$1.12B,68.41%,$1.64B,$0.66B,40.30%,$1.64B,$0.40B,24.51%,$0.40B,$3.29B,12.70%,$0.40B,$2.60B,16.13%,$0.40B,$6.03B,7.23%,$0.67B,$4.04B,18.07%,$353,$62,$291,$0,$46,$238,$115,$-13,$102,$38,$64,$64,$63,$237,$115,$84,84,$0.75,$0.74,$97,$91,$13,$454,$4840,$0,$691,$46,$5578,$6031,$610,$750,$304,$2129,$2739,$1,$1371,$0,$3292,$6031,$170,$239,$124,$363,$108,$0,$-71,$5,$41,$575,$-757,$0,$0,$0,$0,$0,$-26,$-783,$386,$-55,$331,$3,$3,$-19,$-13,$303,$95,$9,$-19
26,2012-03-31,72.92,$37.69,1.93,$20.59,3.54,$-6.88,0.0,$6.02,12.11,$0.47B,$0.59B,0.79,$0.57B,$3.23B,0.18,$1.75B,$1.50B,85.35%,$1.75B,$0.81B,46.41%,$1.75B,$0.81B,46.41%,$1.75B,$1.24B,70.58%,$1.75B,$0.82B,46.92%,$1.75B,$0.51B,28.85%,$0.51B,$3.23B,16.51%,$0.51B,$2.54B,21.16%,$0.51B,$5.74B,9.60%,$0.81B,$3.80B,23.36%,$423,$68,$355,$0,$49,$258,$165,$4,$169,$63,$106,$106,$106,$283,$165,$84,84,$1.24,$1.23,$4,$85,$8,$465,$4543,$0,$691,$36,$5271,$5736,$588,$572,$305,$1918,$2506,$1,$1317,$0,$3230,$5736,$106,$118,$76,$195,$-2,$0,$-49,$2,$-49,$252,$-400,$0,$0,$0,$0,$0,$-10,$-410,$0,$167,$167,$2,$2,$-9,$0,$160,$2,$5,$-9
27,2011-12-31,59.72,$36.50,1.64,$20.53,2.91,$-5.51,0.0,$6.16,9.7,$0.46B,$0.62B,0.74,$0.41B,$3.13B,0.13,$1.76B,$1.51B,85.89%,$1.76B,$0.84B,47.61%,$1.76B,$0.84B,47.61%,$1.76B,$1.23B,69.85%,$1.76B,$0.84B,47.84%,$1.76B,$0.52B,29.47%,$0.52B,$3.13B,17.63%,$0.52B,$2.51B,22.87%,$0.52B,$5.36B,10.40%,$0.84B,$3.54B,25.35%,$430,$65,$365,$0,$51,$247,$183,$2,$185,$68,$117,$117,$105,$294,$183,$84,84,$1.35,$1.35,$2,$85,$1,$458,$4244,$0,$620,$35,$4899,$5357,$616,$405,$302,$1610,$2227,$1,$1221,$-0,$3131,$5357,$530,$390,$390,$781,$-49,$0,$-7,$37,$-18,$1292,$-1541,$0,$0,$0,$0,$0,$112,$-1429,$0,$55,$55,$10,$10,$-33,$-7,$25,$-112,$19,$-33
28,2011-09-30,53.66,$35.15,1.53,$20.29,2.64,$-0.79,0.0,$6.17,8.7,$0.50B,$0.58B,0.87,$0.35B,$3.01B,0.12,$1.74B,$1.50B,86.29%,$1.74B,$0.84B,48.62%,$1.74B,$0.84B,48.62%,$1.74B,$1.21B,69.47%,$1.74B,$0.85B,48.79%,$1.74B,$0.52B,29.84%,$0.52B,$3.01B,18.45%,$0.52B,$2.32B,24.47%,$0.52B,$5.11B,10.95%,$0.84B,$3.36B,26.72%,$434,$62,$371,$0,$51,$230,$203,$2,$205,$77,$128,$128,$128,$308,$203,$86,86,$1.49,$1.49,$57,$83,$16,$502,$3885,$0,$691,$33,$4610,$5112,$576,$350,$266,$1522,$2098,$1,$1113,$-0,$3013,$5112,$413,$280,$312,$592,$-32,$31,$-32,$0,$-33,$972,$-1119,$0,$0,$0,$0,$0,$112,$-1007,$0,$0,$0,$10,$10,$-24,$-7,$-22,$-57,$14,$-24
29,2011-06-30,86.5,$33.75,2.56,$19.67,4.4,$3.13,27.66,$6.18,14.0,$0.55B,$0.60B,0.93,$0.35B,$2.89B,0.12,$1.68B,$1.45B,86.50%,$1.68B,$0.84B,49.97%,$1.68B,$0.84B,49.97%,$1.68B,$1.18B,69.96%,$1.68B,$0.85B,50.33%,$1.68B,$0.52B,30.81%,$0.52B,$2.89B,19.32%,$0.52B,$2.20B,26.05%,$0.52B,$4.88B,11.54%,$0.84B,$3.24B,27.72%,$467,$61,$406,$0,$54,$204,$263,$1,$264,$98,$167,$167,$167,$353,$263,$86,86,$1.95,$1.94,$13,$79,$164,$554,$3606,$0,$691,$33,$4330,$4884,$598,$350,$261,$1398,$1997,$1,$993,$0,$2888,$4884,$285,$175,$184,$359,$18,$0,$-17,$-5,$-4,$639,$-679,$0,$0,$0,$0,$0,$-53,$-732,$0,$0,$0,$7,$7,$-15,$-0,$-9,$-101,$9,$-15
30,2011-03-31,110.73,$31.82,3.48,$18.66,5.93,$5.45,20.33,$5.70,19.43,$0.51B,$0.54B,0.94,$0.35B,$2.72B,0.13,$1.59B,$1.38B,86.69%,$1.59B,$0.78B,48.78%,$1.59B,$0.78B,48.78%,$1.59B,$1.10B,68.80%,$1.59B,$0.78B,48.84%,$1.59B,$0.48B,29.88%,$0.48B,$2.72B,18.66%,$0.48B,$2.03B,25.61%,$0.48B,$4.57B,11.23%,$0.78B,$3.07B,26.79%,$427,$58,$368,$0,$58,$238,$188,$-1,$187,$69,$118,$118,$118,$273,$188,$86,86,$1.38,$1.37,$54,$80,$53,$506,$3338,$0,$691,$34,$4064,$4570,$540,$350,$264,$1309,$1848,$1,$835,$0,$2722,$4570,$118,$85,$99,$184,$2,$-3,$-38,$3,$-37,$265,$-298,$0,$0,$0,$0,$0,$-25,$-323,$0,$0,$0,$4,$4,$-7,$0,$-3,$-60,$5,$-7
31,2010-12-31,85.0,$30.62,2.78,$18.96,4.48,$6.86,12.4,$6.72,12.65,$0.56B,$0.51B,1.1,$0.35B,$2.61B,0.13,$1.62B,$1.42B,87.93%,$1.62B,$0.91B,56.47%,$1.62B,$0.91B,56.47%,$1.62B,$1.22B,75.29%,$1.62B,$0.91B,56.59%,$1.62B,$0.56B,34.80%,$0.56B,$2.61B,23.13%,$0.56B,$1.92B,32.34%,$0.56B,$4.36B,13.97%,$0.91B,$2.96B,32.76%,$408,$55,$353,$0,$58,$218,$190,$1,$191,$74,$118,$118,$105,$272,$190,$83,84,$1.35,$1.35,$114,$82,$16,$561,$3079,$0,$691,$27,$3797,$4358,$512,$350,$267,$1236,$1748,$1,$726,$0,$2610,$4358,$575,$304,$296,$601,$-83,$34,$0,$13,$-45,$1130,$-983,$0,$0,$0,$0,$0,$6,$-978,$-19,$-25,$-44,$29,$29,$-25,$-0,$-41,$112,$12,$-25
32,2010-09-30,63.48,$29.54,2.15,$17.99,3.53,$7.68,8.26,$6.58,9.65,$0.57B,$0.49B,1.15,$0.35B,$2.50B,0.14,$1.54B,$1.36B,88.35%,$1.54B,$0.89B,58.14%,$1.54B,$0.89B,58.14%,$1.54B,$1.18B,76.50%,$1.54B,$0.89B,57.75%,$1.54B,$0.56B,36.59%,$0.56B,$2.50B,24.58%,$0.56B,$1.81B,35.23%,$0.56B,$4.15B,14.81%,$0.89B,$2.85B,33.68%,$379,$52,$327,$0,$47,$179,$199,$5,$204,$76,$128,$128,$128,$278,$199,$85,86,$1.50,$1.50,$149,$100,$86,$567,$2863,$0,$691,$28,$3583,$4150,$494,$350,$272,$1154,$1647,$1,$615,$0,$2502,$4150,$457,$222,$191,$413,$-4,$0,$21,$0,$17,$887,$-697,$0,$0,$0,$0,$0,$0,$-697,$-19,$-25,$-44,$19,$19,$-19,$-0,$-44,$146,$9,$-19
33,2010-06-30,68.58,$28.15,2.44,$16.53,4.15,$6.82,10.06,$5.55,12.36,$0.53B,$0.42B,1.25,$0.35B,$2.37B,0.15,$1.41B,$1.24B,87.91%,$1.41B,$0.77B,54.69%,$1.41B,$0.77B,54.69%,$1.41B,$1.03B,73.33%,$1.41B,$0.75B,53.27%,$1.41B,$0.47B,33.64%,$0.47B,$2.37B,22.06%,$0.47B,$1.68B,32.55%,$0.47B,$3.87B,13.12%,$0.77B,$2.72B,30.12%,$379,$45,$333,$0,$49,$179,$200,$-4,$196,$71,$125,$125,$125,$273,$200,$85,86,$1.47,$1.46,$143,$0,$56,$528,$2619,$0,$691,$32,$3343,$3871,$421,$350,$276,$1082,$1503,$1,$494,$-0,$2368,$3871,$329,$143,$101,$244,$10,$17,$-27,$0,$-1,$572,$-413,$0,$0,$0,$0,$0,$0,$-413,$0,$-25,$-25,$17,$17,$-12,$-0,$-20,$140,$6,$-12
34,2010-03-31,56.83,$26.68,2.13,$14.74,3.85,$4.01,14.16,$4.55,12.49,$0.52B,$0.42B,1.24,$0.37B,$2.24B,0.16,$1.25B,$1.08B,86.40%,$1.25B,$0.64B,51.28%,$1.25B,$0.64B,51.28%,$1.25B,$0.89B,70.96%,$1.25B,$0.61B,49.12%,$1.25B,$0.39B,30.96%,$0.39B,$2.24B,19.11%,$0.39B,$1.55B,29.01%,$0.39B,$3.71B,11.10%,$0.64B,$2.61B,25.40%,$449,$42,$407,$0,$55,$126,$323,$-0,$323,$118,$204,$204,$204,$393,$323,$85,85,$2.42,$2.39,$63,$0,$60,$519,$2466,$0,$691,$31,$3189,$3708,$417,$368,$278,$1053,$1470,$1,$376,$0,$2238,$3708,$204,$70,$39,$109,$-39,$18,$7,$0,$-14,$299,$-211,$0,$0,$0,$0,$0,$0,$-211,$0,$-25,$-25,$2,$2,$-5,$0,$-28,$60,$3,$-5
35,2009-12-31,50.64,$24.40,2.08,$11.98,4.23,$1.66,30.47,$-3.89,0.0,$0.41B,$0.39B,1.05,$0.39B,$2.04B,0.19,$1.01B,$0.83B,82.38%,$1.01B,$-0.46B,-45.15%,$1.01B,$-0.46B,-45.15%,$1.01B,$-0.19B,-18.81%,$1.01B,$-0.49B,-48.32%,$1.01B,$-0.31B,-30.79%,$-0.31B,$2.04B,-16.12%,$-0.31B,$1.35B,-25.12%,$-0.31B,$3.45B,-9.14%,$-0.46B,$2.43B,-18.14%,$329,$39,$290,$0,$46,$157,$171,$-7,$164,$60,$105,$105,$105,$231,$171,$84,84,$1.31,$1.31,$3,$145,$11,$407,$2312,$0,$691,$34,$3037,$3445,$389,$393,$276,$1018,$1406,$1,$178,$-0,$2038,$3445,$-312,$266,$696,$961,$30,$50,$0,$9,$26,$675,$-458,$0,$0,$3,$0,$3,$10,$-444,$0,$-195,$-195,$3,$3,$-20,$-18,$-230,$1,$9,$-20
36,2009-09-30,41.36,$23.15,1.79,$11.64,3.55,$-3.78,0.0,$-17.98,0.0,$0.38B,$0.33B,1.17,$0.52B,$1.93B,0.27,$0.98B,$0.74B,75.51%,$0.98B,$-2.28B,-232.76%,$0.98B,$-2.28B,-232.76%,$0.98B,$-1.93B,-197.35%,$0.98B,$-2.32B,-237.14%,$0.98B,$-1.48B,-150.71%,$-1.48B,$1.93B,-73.56%,$-1.48B,$1.24B,-112.19%,$-1.48B,$3.40B,-41.24%,$-2.28B,$2.46B,-86.39%,$249,$43,$206,$0,$40,$175,$75,$-9,$66,$27,$39,$39,$39,$134,$75,$84,85,$0.46,$0.46,$4,$166,$29,$382,$2288,$0,$691,$35,$3015,$3396,$325,$524,$287,$1138,$1463,$1,$79,$-0,$1933,$3396,$-417,$206,$683,$889,$84,$0,$-108,$17,$-7,$466,$-352,$0,$0,$3,$0,$3,$-21,$-369,$0,$-64,$-64,$3,$3,$-15,$-18,$-95,$2,$7,$-15
37,2009-06-30,27.02,$22.94,1.18,$15.57,1.74,$-3.77,0.0,$-21.30,0.0,$0.45B,$0.27B,1.64,$0.71B,$1.89B,0.37,$1.31B,$1.06B,80.73%,$1.31B,$-2.73B,-208.72%,$1.31B,$-2.73B,-208.72%,$1.31B,$-2.30B,-175.46%,$1.31B,$-2.76B,-210.86%,$1.31B,$-1.75B,-133.64%,$-1.75B,$1.89B,-73.58%,$-1.75B,$1.20B,-103.80%,$-1.75B,$3.40B,-42.36%,$-2.73B,$2.60B,-91.04%,$223,$46,$177,$0,$31,$151,$72,$-11,$61,$22,$39,$39,$39,$129,$72,$84,84,$0.46,$0.46,$5,$192,$59,$447,$2218,$0,$691,$46,$2956,$3403,$273,$707,$257,$1238,$1510,$1,$45,$-0,$1893,$3403,$-455,$147,$599,$746,$76,$0,$-147,$-26,$-96,$194,$-274,$0,$0,$1,$0,$1,$-11,$-284,$0,$119,$119,$0,$0,$-10,$-18,$91,$2,$4,$-10
38,2009-03-31,17.48,$22.26,0.79,$20.06,0.87,$-2.41,0.0,$-19.08,0.0,$0.45B,$0.30B,1.52,$0.71B,$1.85B,0.38,$1.70B,$1.45B,85.02%,$1.70B,$-2.45B,-143.89%,$1.70B,$-2.45B,-143.89%,$1.70B,$-1.94B,-113.87%,$1.70B,$-2.46B,-144.77%,$1.70B,$-1.56B,-91.54%,$-1.56B,$1.85B,-55.49%,$-1.56B,$1.16B,-73.62%,$-1.56B,$3.36B,-32.67%,$-2.45B,$2.57B,-72.54%,$209,$50,$159,$0,$31,$983,$-774,$-5,$-779,$-285,$-494,$-494,$-494,$-684,$-774,$84,84,$-6.05,$-6.05,$5,$208,$61,$452,$2188,$0,$691,$29,$2909,$3361,$298,$713,$261,$1208,$1507,$1,$11,$-1,$1854,$3361,$-494,$90,$542,$632,$87,$0,$-119,$-24,$-55,$83,$-194,$0,$0,$1,$0,$1,$-8,$-201,$0,$125,$125,$0,$0,$-5,$-0,$120,$2,$2,$-5
39,2008-12-31,25.41,$28.25,0.9,$23.10,1.1,$-0.83,0.0,$-11.27,0.0,$0.52B,$0.47B,1.1,$0.59B,$2.35B,0.25,$1.97B,$1.71B,86.95%,$1.97B,$-1.44B,-73.15%,$1.97B,$-1.44B,-73.15%,$1.97B,$-0.89B,-45.38%,$1.97B,$-1.45B,-73.71%,$1.97B,$-0.91B,-46.40%,$-0.91B,$2.35B,-28.62%,$-0.91B,$1.66B,-36.53%,$-0.91B,$4.17B,-17.16%,$-1.44B,$2.94B,-38.89%,$299,$100,$198,$0,$38,$1953,$-1654,$-17,$-1672,$-610,$-1061,$-1061,$-1061,$-1513,$-1654,$84,84,$-12.89,$-12.75,$4,$186,$63,$515,$2928,$0,$691,$30,$3650,$4165,$470,$588,$255,$1344,$1813,$1,$510,$-1,$2352,$4165,$-915,$547,$1691,$2239,$56,$-155,$23,$120,$44,$1367,$-1607,$0,$0,$11,$0,$11,$0,$-1597,$-106,$220,$114,$13,$13,$-20,$-0,$107,$-122,$10,$-20
40,2008-09-30,46.31,$40.44,1.15,$24.92,1.86,$3.88,11.92,$3.13,14.8,$0.67B,$0.53B,1.28,$0.49B,$3.40B,0.14,$2.11B,$1.90B,90.23%,$2.11B,$0.42B,19.82%,$2.11B,$0.42B,19.82%,$2.11B,$0.95B,44.90%,$2.11B,$0.42B,19.96%,$2.11B,$0.28B,13.09%,$0.28B,$3.40B,8.07%,$0.28B,$2.71B,10.11%,$0.28B,$5.58B,4.90%,$0.42B,$3.89B,10.70%,$577,$55,$522,$0,$67,$951,$-374,$6,$-368,$-136,$-232,$-232,$-232,$-227,$-374,$84,84,$-2.85,$-2.85,$207,$113,$14,$674,$4132,$0,$691,$81,$4905,$5579,$527,$487,$134,$1648,$2176,$1,$1581,$4,$3403,$5579,$146,$406,$632,$1038,$-21,$-60,$37,$0,$-44,$1141,$-1026,$0,$0,$9,$0,$9,$-43,$-1060,$0,$0,$0,$13,$13,$-15,$-0,$-2,$78,$7,$-15
41,2008-06-30,65.89,$43.13,1.53,$22.14,2.98,$2.08,31.71,$6.85,9.62,$0.70B,$0.55B,1.27,$0.49B,$3.62B,0.13,$1.88B,$1.67B,88.97%,$1.88B,$0.91B,48.29%,$1.88B,$0.91B,48.29%,$1.88B,$1.41B,74.95%,$1.88B,$0.91B,48.24%,$1.88B,$0.58B,30.97%,$0.58B,$3.62B,17.33%,$0.58B,$2.93B,21.82%,$0.58B,$5.97B,10.49%,$0.91B,$4.11B,23.53%,$617,$49,$568,$0,$69,$264,$353,$2,$355,$126,$229,$229,$229,$486,$353,$84,87,$2.73,$2.65,$177,$75,$6,$695,$4497,$0,$691,$86,$5274,$5969,$546,$487,$137,$1802,$2348,$1,$1818,$-10,$3621,$5969,$379,$259,$133,$392,$-103,$0,$76,$-46,$-73,$698,$-662,$0,$0,$7,$0,$7,$0,$-655,$0,$0,$0,$13,$13,$-10,$-0,$3,$46,$5,$-10
42,2008-03-31,51.73,$41.01,1.26,$19.04,2.72,$1.45,35.72,$5.10,10.14,$0.57B,$0.46B,1.23,$0.49B,$3.40B,0.14,$1.60B,$1.39B,86.95%,$1.60B,$0.67B,42.10%,$1.60B,$0.67B,42.10%,$1.60B,$1.15B,72.08%,$1.60B,$0.68B,42.16%,$1.60B,$0.43B,26.92%,$0.43B,$3.40B,13.38%,$0.43B,$2.71B,17.03%,$0.43B,$5.60B,8.11%,$0.67B,$3.89B,18.12%,$477,$52,$425,$0,$55,$243,$234,$-1,$233,$83,$150,$150,$150,$360,$234,$84,86,$1.79,$1.73,$157,$41,$10,$565,$4248,$0,$691,$94,$5034,$5598,$459,$487,$132,$1741,$2200,$1,$1594,$-4,$3398,$5598,$150,$126,$60,$185,$-41,$0,$28,$-6,$-20,$315,$-293,$0,$0,$5,$0,$5,$0,$-288,$0,$0,$0,$2,$2,$-5,$0,$-3,$24,$2,$-5
43,2007-12-31,40.14,$39.49,1.02,$17.15,2.34,$0.42,96.62,$4.11,9.77,$0.57B,$0.43B,1.33,$0.49B,$3.26B,0.15,$1.43B,$1.23B,85.88%,$1.43B,$0.54B,37.81%,$1.43B,$0.54B,37.81%,$1.43B,$1.00B,70.16%,$1.43B,$0.54B,38.02%,$1.43B,$0.35B,24.18%,$0.35B,$3.26B,11.06%,$0.35B,$2.57B,14.20%,$0.35B,$5.36B,6.73%,$0.54B,$3.75B,14.90%,$438,$50,$388,$0,$51,$233,$205,$-4,$201,$72,$129,$129,$129,$328,$205,$81,81,$1.50,$1.48,$137,$30,$76,$565,$4062,$0,$691,$44,$4798,$5363,$425,$487,$116,$1679,$2104,$1,$1449,$8,$3259,$5363,$345,$462,$186,$648,$-8,$-34,$43,$-0,$1,$995,$-844,$0,$0,$-15,$3,$-12,$-20,$-875,$146,$-95,$51,$-32,$-32,$-13,$-6,$-1,$118,$11,$-13
44,2007-09-30,35.12,$38.01,0.92,$15.25,2.3,$-3.40,0.0,$3.27,10.74,$0.39B,$0.37B,1.06,$0.53B,$3.14B,0.17,$1.29B,$1.09B,84.38%,$1.29B,$0.42B,32.94%,$1.29B,$0.42B,32.94%,$1.29B,$0.87B,67.60%,$1.29B,$0.43B,33.64%,$1.29B,$0.28B,21.45%,$0.28B,$3.14B,9.03%,$0.28B,$2.44B,11.67%,$0.28B,$5.21B,5.51%,$0.42B,$3.66B,11.95%,$344,$56,$288,$0,$43,$229,$114,$1,$116,$42,$73,$73,$73,$232,$114,$82,84,$0.90,$0.87,$7,$37,$49,$393,$4082,$0,$691,$47,$4821,$5214,$372,$526,$134,$1706,$2078,$1,$1324,$14,$3136,$5214,$216,$339,$131,$470,$20,$-4,$-1,$-8,$6,$693,$-730,$0,$0,$0,$3,$3,$-11,$-738,$146,$-56,$90,$-33,$-33,$-10,$-6,$40,$-5,$8,$-10
45,2007-06-30,37.12,$37.25,1.0,$14.99,2.48,$-4.38,0.0,$3.51,10.57,$0.40B,$0.36B,1.12,$0.49B,$3.10B,0.16,$1.27B,$1.08B,85.15%,$1.27B,$0.44B,34.68%,$1.27B,$0.44B,34.68%,$1.27B,$0.87B,68.88%,$1.27B,$0.47B,36.81%,$1.27B,$0.30B,23.46%,$0.30B,$3.10B,9.90%,$0.30B,$2.41B,12.87%,$0.30B,$5.07B,6.11%,$0.44B,$3.58B,12.69%,$342,$51,$291,$0,$46,$221,$121,$4,$125,$46,$79,$79,$79,$234,$121,$82,85,$0.96,$0.93,$19,$40,$35,$398,$3935,$0,$691,$46,$4673,$5070,$355,$488,$134,$1619,$1974,$1,$1254,$14,$3096,$5070,$143,$222,$87,$308,$12,$0,$-19,$-11,$-18,$433,$-452,$0,$0,$0,$0,$0,$-7,$-459,$146,$-95,$51,$2,$2,$-7,$-6,$40,$14,$5,$-7
46,2007-03-31,34.83,$36.73,0.95,$14.65,2.38,$-5.10,0.0,$3.56,9.78,$0.38B,$0.32B,1.19,$0.51B,$3.02B,0.17,$1.24B,$1.06B,85.45%,$1.24B,$0.45B,36.30%,$1.24B,$0.45B,36.30%,$1.24B,$0.86B,69.85%,$1.24B,$0.47B,38.24%,$1.24B,$0.30B,24.33%,$0.30B,$3.02B,10.29%,$0.30B,$2.33B,13.48%,$0.30B,$4.93B,6.40%,$0.45B,$3.53B,13.35%,$307,$45,$262,$0,$43,$205,$101,$0,$102,$37,$65,$65,$65,$210,$101,$82,84,$0.79,$0.77,$7,$42,$29,$383,$3816,$0,$691,$41,$4549,$4932,$321,$509,$137,$1591,$1912,$1,$1179,$8,$3019,$4932,$65,$109,$42,$151,$6,$0,$-35,$0,$-29,$186,$-252,$0,$0,$0,$0,$0,$-2,$-254,$0,$66,$66,$8,$8,$-3,$0,$70,$2,$3,$-3
47,2006-12-31,34.3,$35.91,0.96,$14.95,2.29,$-4.25,0.0,$4.08,8.41,$0.42B,$0.36B,1.18,$0.44B,$2.98B,0.15,$1.27B,$1.09B,86.01%,$1.27B,$0.52B,40.95%,$1.27B,$0.52B,40.95%,$1.27B,$0.91B,72.25%,$1.27B,$0.55B,43.08%,$1.27B,$0.35B,27.35%,$0.35B,$2.98B,12.16%,$0.35B,$2.29B,16.10%,$0.35B,$4.83B,7.59%,$0.52B,$3.42B,15.96%,$294,$49,$245,$0,$41,$206,$88,$2,$90,$31,$59,$59,$59,$194,$88,$82,84,$0.76,$0.73,$5,$39,$64,$417,$3677,$0,$691,$45,$4413,$4830,$355,$444,$134,$1499,$1854,$1,$1117,$31,$2976,$4830,$346,$396,$176,$572,$-10,$-12,$-18,$1,$-39,$878,$-1044,$0,$0,$0,$60,$60,$-26,$-1010,$0,$95,$95,$-7,$-7,$-13,$-0,$75,$-57,$8,$-13
