,Date,Stock Price,Book Value per Share,Price to Book Ratio,TTM Sales per Share,Price to Sales Ratio,TTM FCF per Share,Price to FCF Ratio,TTM Net EPS,PE Ratio,Current Assets,Current Liabilities,Current Ratio,Long Term Debt,Shareholder's Equity_x,Debt to Equity Ratio,TTM Revenue_x,TTM Gross Profit,Gross Margin,TTM Revenue_y,TTM Operating Income,Operating Margin,TTM Revenue_x,TTM EBIT,EBIT Margin,TTM Revenue_y,TTM EBITDA,EBITDA Margin,TTM Revenue_x,TTM Pre-Tax Income,Pre-Tax Margin,TTM Revenue_y,TTM Net Income_x,Net Margin,TTM Net Income_y,Shareholder's Equity_y,Return on Equity,TTM Net Income_x,Tangible Equity,Return on Tangible Equity,TTM Net Income_y,Total Assets,Return on Assets,TTM Net Income,LT Investments & Debt,Return on Investment,revenue,cost-goods-sold,gross-profit,research-development-expenses,selling-general-administrative-expenses,operating-expenses,operating-income,total-non-operating-income-expense,pre-tax-income,total-provision-income-taxes,income-after-taxes,income-from-continuous-operations,net-income,ebitda,ebit,basic-shares-outstanding,shares-outstanding,eps-basic-net-earnings-per-share,eps-earnings-per-share-diluted,cash-on-hand,inventory,other-current-assets,total-current-assets,net-property-plant-equipment,long-term-investments,goodwill-intangible-assets-total,other-long-term-assets,total-long-term-assets,total-assets,total-current-liabilities,long-term-debt,other-non-current-liabilities,total-long-term-liabilities,total-liabilities,common-stock-net,retained-earnings-accumulated-deficit,comprehensive-income,total-share-holder-equity,total-liabilities-share-holders-equity,net-income-loss,total-depreciation-amortization-cash-flow,other-non-cash-items,total-non-cash-items,change-in-accounts-receivable,change-in-inventories,change-in-accounts-payable,change-in-assets-liabilities,total-change-in-assets-liabilities,cash-flow-from-operating-activities,net-change-in-property-plant-equipment,net-change-in-intangible-assets,net-acquisitions-divestitures,net-change-in-short-term-investments,net-change-in-long-term-investments,net-change-in-investments-total,investing-activities-other,cash-flow-from-investing-activities,net-long-term-debt,net-current-debt,debt-issuance-retirement-net-total,net-common-equity-issued-repurchased,net-total-equity-issued-repurchased,total-common-preferred-stock-dividends-paid,financial-activities-other,cash-flow-from-financial-activities,net-cash-flow,stock-based-compensation,common-stock-dividends-paid
0,2018-09-30,0.42,$0.57,0.74,$2.89,0.15,$-1.14,0.0,$-1.65,0.0,$0.02B,$0.02B,1.33,$0.00B,$0.01B,0.32,$0.04B,$0.02B,48.78%,$0.04B,$-0.02B,-46.34%,$0.04B,$-0.02B,-46.34%,$0.04B,$-0.01B,-34.15%,$0.04B,$-0.02B,-58.54%,$0.04B,$-0.02B,-58.54%,$-0.02B,$0.01B,-184.62%,$-0.02B,$0.01B,-320.00%,$-0.02B,$0.03B,-72.73%,$-0.02B,$0.01B,-135.71%,$8,$4,$4,$1,$5,$11,$-3,$0,$-2,$0,$-2,$-2,$-2,$-2,$-3,$17,17,$-0.13,$-0.13,$1,$14,$0,$22,$2,$0,$5,$0,$8,$29,$16,$3,$0,$3,$19,$0,$-232,$0,$10,$29,$-12,$2,$5,$8,$3,$-0,$-4,$1,$-1,$-5,$0,$0,$0,$0,$0,$0,$0,$0,$4,$0,$4,$0,$0,$0,$-0,$4,$-2,$3,$0
1,2018-06-30,0.64,$0.67,0.96,$3.19,0.2,$-1.06,0.0,$-2.08,0.0,$0.02B,$0.02B,1.13,$0.00B,$0.01B,0.0,$0.04B,$0.02B,48.84%,$0.04B,$-0.02B,-48.84%,$0.04B,$-0.02B,-48.84%,$0.04B,$-0.02B,-37.21%,$0.04B,$-0.03B,-62.79%,$0.04B,$-0.03B,-62.79%,$-0.03B,$0.01B,-154.29%,$-0.03B,$0.01B,-240.00%,$-0.03B,$0.03B,-72.97%,$-0.02B,$0.01B,-115.07%,$9,$4,$5,$3,$6,$15,$-5,$-1,$-6,$0,$-6,$-6,$-6,$-4,$-5,$16,16,$-0.40,$-0.40,$2,$16,$0,$24,$3,$0,$6,$0,$8,$33,$21,$0,$0,$0,$21,$0,$-229,$0,$11,$33,$-10,$2,$5,$6,$3,$-2,$-3,$1,$-1,$-4,$-0,$0,$0,$0,$0,$0,$0,$-0,$4,$0,$4,$0,$0,$0,$-0,$4,$-1,$2,$0
2,2018-03-31,1.04,$0.99,1.05,$3.85,0.27,$-0.79,0.0,$-1.77,0.0,$0.02B,$0.02B,1.3,$0.00B,$0.02B,0.0,$0.05B,$0.02B,43.75%,$0.05B,$-0.02B,-45.83%,$0.05B,$-0.02B,-45.83%,$0.05B,$-0.02B,-33.33%,$0.05B,$-0.02B,-45.83%,$0.05B,$-0.02B,-45.83%,$-0.02B,$0.02B,-101.15%,$-0.02B,$0.01B,-149.15%,$-0.02B,$0.03B,-53.99%,$-0.02B,$0.02B,-95.65%,$10,$5,$5,$2,$6,$14,$-4,$1,$-4,$0,$-4,$-4,$-4,$-3,$-4,$15,15,$-0.25,$-0.25,$0,$16,$0,$24,$3,$0,$6,$0,$9,$33,$19,$0,$0,$0,$19,$0,$-224,$0,$15,$33,$-4,$1,$0,$1,$2,$-1,$-1,$-0,$0,$-2,$-0,$0,$0,$0,$0,$0,$0,$-0,$-0,$0,$-0,$0,$0,$0,$0,$-0,$-2,$1,$0
3,2017-12-31,1.62,$1.11,1.46,$4.14,0.39,$-0.68,0.0,$-0.68,0.0,$0.03B,$0.02B,1.32,$0.00B,$0.02B,0.0,$0.05B,$0.02B,42.55%,$0.05B,$-0.02B,-51.06%,$0.05B,$-0.02B,-51.06%,$0.05B,$-0.02B,-38.30%,$0.05B,$-0.01B,-21.28%,$0.05B,$-0.01B,-21.28%,$-0.01B,$0.02B,-40.40%,$-0.01B,$0.01B,-60.61%,$-0.01B,$0.04B,-22.47%,$-0.02B,$0.02B,-89.72%,$14,$8,$6,$3,$8,$21,$-7,$-6,$-12,$0,$-12,$-12,$-12,$-5,$-7,$12,12,$-1.23,$-1.20,$3,$15,$0,$27,$3,$0,$7,$0,$10,$37,$20,$0,$0,$0,$20,$0,$-220,$0,$16,$37,$-11,$4,$-6,$-1,$-1,$2,$3,$2,$7,$-4,$-0,$0,$-7,$0,$0,$0,$0,$-7,$-3,$0,$-3,$1,$8,$0,$0,$5,$-6,$2,$0
4,2017-09-30,1.62,$1.98,0.82,$6.35,0.26,$-13.41,0.0,$0.32,5.06,$0.03B,$0.02B,2.28,$0.00B,$0.03B,0.07,$0.04B,$0.02B,42.86%,$0.04B,$-0.03B,-77.14%,$0.04B,$-0.03B,-77.14%,$0.04B,$-0.02B,-60.00%,$0.04B,$-0.01B,-20.00%,$0.04B,$-0.01B,-20.00%,$-0.01B,$0.03B,-29.17%,$-0.01B,$0.02B,-44.44%,$-0.01B,$0.05B,-17.39%,$-0.03B,$0.03B,-102.86%,$10,$5,$5,$3,$6,$16,$-5,$0,$-5,$0,$-5,$-5,$-5,$-4,$-5,$13,13,$-0.42,$-0.42,$5,$19,$0,$33,$4,$0,$8,$0,$11,$45,$15,$2,$0,$2,$17,$0,$-208,$0,$28,$45,$2,$3,$-15,$-11,$1,$2,$2,$1,$7,$-3,$-0,$0,$-7,$0,$0,$0,$0,$-7,$-3,$0,$-3,$2,$9,$0,$-1,$5,$-4,$1,$0
5,2017-06-30,1.63,$2.41,0.68,$6.78,0.24,$-17.31,0.0,$-1.25,0.0,$0.04B,$0.02B,1.99,$0.00B,$0.03B,0.07,$0.03B,$0.01B,40.74%,$0.03B,$-0.03B,-96.30%,$0.03B,$-0.03B,-96.30%,$0.03B,$-0.02B,-74.07%,$0.03B,$-0.01B,-18.52%,$0.03B,$-0.01B,-18.52%,$-0.01B,$0.03B,-25.32%,$-0.01B,$0.02B,-45.45%,$-0.01B,$0.05B,-14.81%,$-0.03B,$0.03B,-118.18%,$14,$10,$5,$3,$6,$20,$-6,$5,$-1,$0,$-1,$-1,$-1,$-4,$-6,$11,11,$-0.09,$-0.09,$5,$19,$0,$36,$4,$0,$8,$0,$12,$48,$18,$2,$0,$2,$20,$0,$-202,$0,$28,$48,$7,$2,$-16,$-14,$-2,$2,$3,$1,$7,$0,$-0,$0,$-7,$0,$0,$0,$0,$-7,$-3,$0,$-3,$1,$5,$0,$0,$2,$-4,$1,$0
6,2017-03-31,1.62,$2.47,0.66,$8.23,0.2,$-24.43,0.0,$-10.96,0.0,$0.04B,$0.02B,1.89,$0.00B,$0.03B,0.07,$0.02B,$0.01B,46.67%,$0.02B,$-0.03B,-166.67%,$0.02B,$-0.03B,-166.67%,$0.02B,$-0.02B,-126.67%,$0.02B,$-0.01B,-60.00%,$0.02B,$-0.01B,-66.67%,$-0.01B,$0.03B,-63.49%,$-0.01B,$0.02B,-160.00%,$-0.01B,$0.05B,-37.74%,$-0.03B,$0.03B,-138.89%,$9,$6,$4,$2,$7,$15,$-6,$14,$8,$0,$8,$8,$8,$-5,$-6,$10,10,$0.87,$0.84,$5,$17,$0,$35,$2,$0,$11,$0,$13,$48,$18,$2,$0,$2,$20,$0,$-201,$-0,$27,$48,$8,$1,$-13,$-12,$-3,$1,$2,$1,$3,$-0,$-0,$0,$-7,$0,$0,$0,$0,$-7,$1,$0,$1,$2,$2,$0,$-0,$3,$-4,$0,$0
7,2016-12-31,1.35,$1.66,0.81,$11.77,0.11,$-38.14,0.0,$-33.41,0.0,$0.01B,$0.01B,2.54,$0.00B,$0.01B,0.16,$0.01B,$0.00B,57.14%,$0.01B,$-0.02B,-342.86%,$0.01B,$-0.02B,-342.86%,$0.01B,$-0.02B,-242.86%,$0.01B,$-0.02B,-300.00%,$0.01B,$-0.02B,-314.29%,$-0.02B,$0.01B,-191.30%,$-0.02B,$0.01B,-1100.00%,$-0.02B,$0.02B,-114.29%,$-0.02B,$0.02B,-177.78%,$2,$1,$1,$1,$3,$12,$-10,$0,$-9,$0,$-9,$-9,$-9,$-8,$-10,$1,1,$-3.67,$-3.67,$9,$3,$0,$13,$1,$0,$6,$0,$7,$20,$5,$2,$0,$2,$7,$0,$-209,$0,$13,$20,$-21,$6,$6,$12,$-1,$1,$0,$0,$1,$-8,$-0,$0,$-0,$0,$0,$0,$0,$-0,$-1,$0,$-1,$-2,$17,$0,$0,$17,$9,$0,$0
8,2016-09-30,2.88,$5.67,0.51,$4.99,0.58,$-149.01,0.0,$-33.41,0.0,$0.01B,$0.01B,1.03,$0.00B,$0.01B,0.19,$0.01B,$0.00B,60.00%,$0.01B,$-0.02B,-440.00%,$0.01B,$-0.02B,-440.00%,$0.01B,$-0.02B,-300.00%,$0.01B,$-0.02B,-380.00%,$0.01B,$-0.02B,-400.00%,$-0.02B,$0.01B,-186.05%,$-0.02B,$0.00B,8000.00%,$-0.02B,$0.02B,-108.11%,$-0.02B,$0.01B,-172.55%,$2,$1,$1,$1,$2,$6,$-4,$1,$-3,$0,$-3,$-3,$-3,$-3,$-4,$2,2,$-1.98,$-1.98,$2,$3,$0,$7,$1,$0,$10,$0,$13,$19,$6,$2,$0,$2,$9,$0,$-200,$0,$11,$19,$-12,$4,$-0,$4,$-0,$1,$0,$0,$1,$-6,$-0,$0,$-0,$0,$0,$0,$0,$-0,$-1,$0,$-1,$0,$10,$0,$-1,$8,$1,$0,$0
9,2016-06-30,11.0,$14.24,0.77,$6.88,1.6,$-232.25,0.0,$-81.83,0.0,$0.01B,$0.01B,0.95,$0.00B,$0.01B,0.21,$0.00B,$0.00B,66.67%,$0.00B,$-0.02B,-733.33%,$0.00B,$-0.02B,-733.33%,$0.00B,$-0.02B,-500.00%,$0.00B,$-0.02B,-633.33%,$0.00B,$-0.02B,-666.67%,$-0.02B,$0.01B,-170.21%,$-0.02B,$0.00B,2666.67%,$-0.02B,$0.02B,-103.90%,$-0.02B,$0.01B,-160.00%,$2,$1,$1,$2,$2,$6,$-5,$0,$-5,$0,$-5,$-5,$-6,$-3,$-5,$1,1,$-9.80,$-9.80,$0,$4,$0,$5,$1,$0,$11,$0,$14,$19,$5,$2,$0,$2,$7,$0,$-197,$0,$12,$19,$-9,$3,$0,$3,$0,$0,$0,$0,$1,$-4,$-0,$0,$-0,$0,$0,$0,$0,$-0,$-1,$1,$-0,$0,$5,$0,$-1,$4,$-0,$0,$0
10,2016-03-31,11.4,$26.74,0.43,$14.08,0.81,$-310.16,0.0,$-240.10,0.0,$0.01B,$0.01B,1.04,$0.00B,$0.01B,0.25,$0.00B,$0.00B,100.00%,$0.00B,$-0.02B,-2100.00%,$0.00B,$-0.02B,-2100.00%,$0.00B,$-0.02B,-1500.00%,$0.00B,$-0.02B,-1800.00%,$0.00B,$-0.02B,-2000.00%,$-0.02B,$0.01B,-160.00%,$-0.02B,$-0.00B,1600.00%,$-0.02B,$0.02B,-101.27%,$-0.02B,$0.01B,-144.83%,$1,$0,$1,$2,$2,$6,$-5,$1,$-4,$0,$-4,$-4,$-4,$-3,$-5,$0,0,$-21.42,$-21.42,$0,$3,$0,$5,$1,$0,$11,$0,$14,$19,$5,$2,$3,$5,$9,$0,$-192,$0,$10,$19,$-4,$1,$-1,$1,$0,$0,$-0,$0,$1,$-3,$-0,$0,$0,$0,$0,$0,$0,$0,$3,$0,$3,$0,$0,$0,$-1,$2,$0,$0,$0
11,2015-12-31,26.82,$60.89,0.44,$32.96,0.81,$-378.13,0.0,$-398.56,0.0,$0.00B,$0.00B,0.43,$0.00B,$0.01B,0.21,$0.00B,0,0.00%,$0.00B,$-0.02B,-2000.00%,$0.00B,$-0.02B,-2000.00%,$0.00B,$-0.02B,-1500.00%,$0.00B,$-0.02B,-1800.00%,$0.00B,$-0.02B,-2100.00%,$-0.02B,$0.01B,-147.37%,$-0.02B,$-0.00B,2800.00%,$-0.02B,$0.02B,-102.44%,$-0.02B,$0.01B,-123.08%,$-0,$-0,$-0,$1,$2,$8,$-8,$1,$-7,$0,$-7,$-7,$-7,$-6,$-8,$0,0,$70.75,$70.75,$0,$1,$0,$2,$1,$0,$12,$0,$15,$17,$4,$2,$0,$2,$6,$0,$-188,$0,$10,$17,$-18,$5,$3,$9,$-0,$0,$0,$0,$1,$-8,$-0,$-2,$0,$0,$0,$0,$0,$-2,$2,$0,$2,$6,$8,$0,$-0,$10,$-0,$1,$0
12,2015-09-30,69.6,$166.11,0.42,$39.79,1.75,$-1044.19,0.0,$-638.66,0.0,$0.01B,$0.01B,1.1,$0.00B,$0.02B,0.14,$0.00B,0,0.00%,$0.00B,$-0.02B,-1700.00%,$0.00B,$-0.02B,-1700.00%,$0.00B,$-0.01B,-1300.00%,$0.00B,$-0.02B,-1600.00%,$0.00B,$-0.02B,-1900.00%,$-0.02B,$0.02B,-118.75%,$-0.02B,$-0.00B,7600.00%,$-0.02B,$0.02B,-86.36%,$-0.02B,$0.02B,-94.44%,$0,$0,$0,$1,$2,$4,$-4,$1,$-3,$0,$-3,$-3,$-3,$-3,$-4,$0,0,$-50.40,$-50.40,$1,$4,$0,$6,$1,$0,$15,$0,$16,$22,$5,$2,$0,$2,$7,$0,$-181,$0,$15,$22,$-11,$3,$1,$4,$-1,$1,$0,$1,$2,$-5,$-0,$-2,$0,$0,$0,$0,$0,$-2,$1,$0,$1,$0,$7,$0,$0,$7,$0,$0,$0
13,2015-06-30,336.12,$349.76,0.96,$44.10,7.62,$-1562.41,0.0,$-804.32,0.0,$0.01B,$0.01B,1.03,$0.00B,$0.02B,0.14,$0.00B,0,0.00%,$0.00B,$-0.02B,-1700.00%,$0.00B,$-0.02B,-1700.00%,$0.00B,$-0.01B,-1300.00%,$0.00B,$-0.02B,-1700.00%,$0.00B,$-0.02B,-2000.00%,$-0.02B,$0.02B,-115.94%,$-0.02B,$-0.00B,-2666.67%,$-0.02B,$0.02B,-87.91%,$-0.02B,$0.02B,-88.31%,$0,$0,$0,$1,$2,$4,$-4,$-0,$-4,$0,$-4,$-4,$-6,$-3,$-4,$0,0,$-167.80,$-167.80,$0,$4,$0,$5,$1,$0,$16,$0,$17,$21,$5,$2,$0,$2,$7,$0,$-178,$0,$15,$21,$-7,$2,$1,$3,$-0,$1,$1,$1,$2,$-3,$-0,$-1,$0,$0,$0,$0,$0,$-1,$-0,$1,$1,$0,$3,$0,$0,$4,$-1,$0,$0
14,2015-03-31,334.8,$567.06,0.59,$42.79,7.83,$-1937.28,0.0,$-876.35,0.0,$0.01B,$0.00B,1.72,$0.00B,$0.02B,0.13,$0.00B,0,0.00%,$0.00B,$-0.02B,-1700.00%,$0.00B,$-0.02B,-1700.00%,$0.00B,$-0.01B,-1400.00%,$0.00B,$-0.02B,-1800.00%,$0.00B,$-0.02B,-1900.00%,$-0.02B,$0.02B,-100.00%,$-0.02B,$0.00B,-844.44%,$-0.02B,$0.02B,-77.55%,$-0.02B,$0.02B,-80.95%,$1,$0,$0,$2,$2,$5,$-4,$0,$-4,$0,$-4,$-4,$-5,$-3,$-4,$0,0,$-184.87,$-184.87,$1,$4,$0,$5,$1,$0,$16,$0,$17,$22,$3,$2,$0,$2,$5,$0,$-174,$0,$17,$22,$-4,$1,$-0,$1,$0,$0,$1,$-0,$1,$-2,$-0,$-1,$0,$0,$0,$0,$0,$-1,$-0,$0,$-0,$2,$2,$0,$0,$2,$-1,$0,$0
15,2014-12-31,612.84,$767.67,0.8,$35.45,17.29,$-2150.41,0.0,$-1020.41,0.0,$0.01B,$0.00B,1.35,$0.00B,$0.02B,0.12,$0.00B,0,nan%,$0.00B,$-0.02B,inf%,$0.00B,$-0.02B,inf%,$0.00B,$-0.02B,inf%,$0.00B,$-0.02B,inf%,$0.00B,$-0.02B,inf%,$-0.02B,$0.02B,-98.70%,$-0.02B,$0.00B,-950.00%,$-0.02B,$0.02B,-76.00%,$-0.02B,$0.02B,-84.71%,$0,$-0,$0,$1,$3,$5,$-5,$0,$-5,$0,$-5,$-5,$-5,$-4,$-5,$0,0,$-223.29,$-223.29,$1,$4,$0,$6,$1,$0,$16,$0,$17,$23,$4,$2,$0,$2,$6,$0,$-171,$0,$17,$23,$-19,$4,$1,$5,$-0,$-1,$-1,$2,$-1,$-15,$-0,$-2,$0,$0,$0,$0,$0,$-2,$0,$0,$0,$11,$12,$0,$0,$12,$-5,$1,$0
16,2014-09-30,2352.0,$947.59,2.48,$78.66,29.9,$-3197.59,0.0,$-1080.43,0.0,$0.01B,$0.00B,2.32,$0.00B,$0.02B,0.1,$0.00B,0,nan%,$0.00B,$-0.02B,inf%,$0.00B,$-0.02B,inf%,$0.00B,$-0.01B,inf%,$0.00B,$-0.02B,inf%,$0.00B,$-0.02B,inf%,$-0.02B,$0.02B,-87.80%,$-0.02B,$0.00B,-600.00%,$-0.02B,$0.03B,-67.29%,$-0.02B,$0.02B,-70.33%,$0,$0,$0,$2,$2,$4,$-4,$-0,$-4,$0,$-4,$-4,$-4,$-3,$-4,$0,0,$-212.49,$-212.49,$2,$4,$0,$8,$1,$0,$17,$0,$17,$25,$3,$2,$0,$2,$5,$0,$-166,$0,$20,$25,$-14,$3,$1,$4,$-0,$-1,$-1,$1,$-2,$-12,$-0,$-1,$0,$0,$0,$0,$0,$-1,$-0,$0,$-0,$10,$10,$0,$0,$10,$-4,$1,$0
17,2014-06-30,2412.0,$1108.17,2.18,$75.46,31.96,$-3662.49,0.0,$-2905.16,0.0,$0.01B,$0.00B,2.79,$0.00B,$0.02B,0.09,$0.00B,0,nan%,$0.00B,$-0.02B,inf%,$0.00B,$-0.02B,inf%,$0.00B,$-0.01B,inf%,$0.00B,$-0.03B,inf%,$0.00B,$-0.03B,inf%,$-0.03B,$0.02B,-153.85%,$-0.03B,$0.01B,-2000.00%,$-0.03B,$0.03B,-113.21%,$-0.02B,$0.02B,-73.56%,$0,$0,$0,$2,$2,$5,$-4,$-0,$-5,$0,$-5,$-5,$-5,$-4,$-4,$0,0,$-237.70,$-237.70,$5,$4,$0,$10,$1,$0,$17,$0,$18,$28,$4,$2,$0,$2,$6,$0,$-161,$0,$22,$28,$-10,$2,$0,$2,$-0,$-1,$-1,$1,$-1,$-9,$-0,$-1,$0,$0,$0,$0,$0,$-1,$-0,$0,$-0,$9,$9,$0,$0,$9,$-1,$0,$0
18,2014-03-31,3288.0,$1129.09,2.91,$66.88,49.16,$-3729.60,0.0,$-3253.30,0.0,$0.01B,$0.00B,1.35,$0.00B,$0.02B,0.12,$0.00B,0,nan%,$0.00B,$-0.02B,inf%,$0.00B,$-0.02B,inf%,$0.00B,$-0.01B,inf%,$0.00B,$-0.03B,inf%,$0.00B,$-0.03B,inf%,$-0.03B,$0.02B,-200.00%,$-0.03B,$0.00B,725.00%,$-0.03B,$0.02B,-117.17%,$-0.02B,$0.02B,-89.55%,$0,$0,$0,$2,$2,$5,$-5,$-0,$-5,$0,$-5,$-5,$-5,$-4,$-5,$0,0,$-324.13,$-324.13,$1,$4,$0,$6,$1,$0,$17,$0,$18,$24,$4,$2,$0,$2,$6,$0,$-157,$0,$18,$24,$-5,$1,$0,$1,$-0,$-1,$-1,$1,$-1,$-5,$-0,$-0,$0,$0,$0,$0,$0,$-0,$-0,$0,$-0,$0,$0,$0,$0,$-0,$-5,$0,$0
19,2013-12-31,1896.0,$1440.58,1.32,$50.86,37.28,$-3812.52,0.0,$-3745.50,0.0,$0.01B,$0.01B,2.09,$0.00B,$0.02B,0.09,$0.00B,0,nan%,$0.00B,$-0.01B,inf%,$0.00B,$-0.01B,inf%,$0.00B,$-0.01B,inf%,$0.00B,$-0.03B,inf%,$0.00B,$-0.03B,inf%,$-0.03B,$0.02B,-248.89%,$-0.03B,$0.00B,386.21%,$-0.03B,$0.03B,-117.89%,$-0.01B,$0.03B,-103.70%,$0,$0,$0,$1,$1,$3,$-3,$-1,$-4,$0,$-4,$-4,$-4,$-2,$-3,$0,0,$12.01,$12.01,$6,$3,$0,$11,$1,$0,$18,$0,$19,$30,$5,$2,$0,$2,$7,$0,$-152,$0,$22,$30,$-27,$3,$11,$13,$-1,$-3,$1,$1,$-0,$-14,$-0,$-3,$0,$0,$0,$0,$0,$-3,$5,$0,$5,$17,$17,$0,$0,$23,$5,$1,$0
20,2013-09-30,5880.0,$1518.56,3.87,$4.23,1389.82,$-3189.28,0.0,$-4381.75,0.0,$0.00B,$0.01B,0.58,$0.00B,$0.02B,0.13,$0.00B,0,nan%,$0.00B,$-0.02B,inf%,$0.00B,$-0.02B,inf%,$0.00B,$-0.01B,inf%,$0.00B,$-0.03B,inf%,$0.00B,$-0.03B,inf%,$-0.03B,$0.02B,-682.35%,$-0.03B,$-0.00B,207.14%,$-0.03B,$0.02B,-136.47%,$-0.02B,$0.02B,-240.00%,$0,$0,$0,$2,$2,$4,$-4,$-12,$-16,$0,$-16,$-16,$-16,$-4,$-4,$0,0,$-2040.82,$-2040.82,$3,$1,$0,$4,$2,$0,$19,$0,$21,$24,$6,$2,$0,$2,$8,$0,$-148,$0,$16,$24,$-24,$1,$12,$13,$0,$-1,$0,$1,$2,$-8,$-0,$-2,$0,$0,$0,$0,$0,$-3,$5,$0,$5,$8,$8,$0,$0,$13,$2,$1,$0
21,2013-06-30,10800.0,$318.57,33.9,0,0.0,$-3019.89,0.0,$-2340.94,0.0,$0.00B,$0.02B,0.06,$0.00B,$0.00B,1.03,$0.00B,0,nan%,$0.00B,$-0.01B,inf%,$0.00B,$-0.01B,inf%,$0.00B,$-0.01B,inf%,$0.00B,$-0.02B,inf%,$0.00B,$-0.02B,inf%,$-0.02B,$0.00B,-6400.00%,$-0.02B,$-0.02B,120.75%,$-0.02B,$0.02B,-104.92%,$-0.01B,$0.00B,-800.00%,$0,$0,$0,$1,$1,$3,$-3,$-0,$-4,$0,$-4,$-4,$-4,$-3,$-3,$0,0,$-588.24,$-588.24,$0,$0,$0,$1,$2,$0,$19,$0,$20,$21,$17,$2,$0,$2,$19,$0,$-132,$0,$2,$21,$-8,$1,$0,$1,$0,$-0,$2,$1,$3,$-3,$-0,$-2,$0,$0,$0,$0,$0,$-2,$5,$0,$5,$0,$0,$0,$0,$5,$-0,$0,$0
22,2013-03-31,14700.01,$841.52,17.47,0,0.0,$-3104.17,0.0,$-1752.70,0.0,$0.00B,$0.01B,0.04,$0.00B,$0.01B,0.39,$0.00B,0,nan%,$0.00B,$-0.01B,inf%,$0.00B,$-0.01B,inf%,$0.00B,$-0.01B,inf%,$0.00B,$-0.02B,inf%,$0.00B,$-0.02B,inf%,$-0.02B,$0.01B,6000.00%,$-0.02B,$-0.01B,166.67%,$-0.02B,$0.02B,-150.00%,$-0.01B,$0.01B,-1866.67%,$0,$0,$0,$2,$1,$4,$-4,$-1,$-4,$0,$-4,$-4,$-4,$-3,$-4,$0,0,$-816.33,$-816.33,$0,$0,$0,$1,$2,$0,$18,$0,$20,$20,$13,$2,$0,$2,$15,$0,$-128,$0,$5,$20,$-4,$0,$0,$1,$0,$0,$0,$1,$2,$-2,$-0,$-1,$0,$0,$0,$0,$0,$-1,$3,$0,$3,$0,$0,$0,$0,$3,$0,$0,$0
