,Date,Stock Price,Book Value per Share,Price to Book Ratio,TTM Sales per Share,Price to Sales Ratio,TTM FCF per Share,Price to FCF Ratio,TTM Net EPS,PE Ratio,Current Assets,Current Liabilities,Current Ratio,Long Term Debt,Shareholder's Equity_x,Debt to Equity Ratio,TTM Revenue_x,TTM Gross Profit,Gross Margin,TTM Revenue_y,TTM Operating Income,Operating Margin,TTM Revenue_x,TTM EBIT,EBIT Margin,TTM Revenue_y,TTM EBITDA,EBITDA Margin,TTM Revenue_x,TTM Pre-Tax Income,Pre-Tax Margin,TTM Revenue_y,TTM Net Income_x,Net Margin,TTM Net Income_y,Shareholder's Equity_y,Return on Equity,TTM Net Income_x,Tangible Equity,Return on Tangible Equity,TTM Net Income_y,Total Assets,Return on Assets,TTM Net Income,LT Investments & Debt,Return on Investment,revenue,cost-goods-sold,gross-profit,research-development-expenses,selling-general-administrative-expenses,operating-expenses,operating-income,total-non-operating-income-expense,pre-tax-income,total-provision-income-taxes,income-after-taxes,income-from-continuous-operations,net-income,ebitda,ebit,basic-shares-outstanding,shares-outstanding,eps-basic-net-earnings-per-share,eps-earnings-per-share-diluted,cash-on-hand,inventory,other-current-assets,total-current-assets,net-property-plant-equipment,long-term-investments,goodwill-intangible-assets-total,other-long-term-assets,total-long-term-assets,total-assets,total-current-liabilities,long-term-debt,other-non-current-liabilities,total-long-term-liabilities,total-liabilities,common-stock-net,retained-earnings-accumulated-deficit,comprehensive-income,total-share-holder-equity,total-liabilities-share-holders-equity,net-income-loss,total-depreciation-amortization-cash-flow,other-non-cash-items,total-non-cash-items,change-in-accounts-receivable,change-in-inventories,change-in-accounts-payable,change-in-assets-liabilities,total-change-in-assets-liabilities,cash-flow-from-operating-activities,net-change-in-property-plant-equipment,net-change-in-intangible-assets,net-acquisitions-divestitures,net-change-in-short-term-investments,net-change-in-long-term-investments,net-change-in-investments-total,investing-activities-other,cash-flow-from-investing-activities,net-long-term-debt,net-current-debt,debt-issuance-retirement-net-total,net-common-equity-issued-repurchased,net-total-equity-issued-repurchased,total-common-preferred-stock-dividends-paid,financial-activities-other,cash-flow-from-financial-activities,net-cash-flow,stock-based-compensation,common-stock-dividends-paid
0,2018-09-30,4.51,$0.00,0.0,$28.39,0.16,$-1.48,0.0,$0.20,22.55,$1.85B,$0.82B,2.27,$3.91B,$0.66B,5.94,$1.86B,$0.48B,25.86%,$1.86B,$0.27B,14.44%,$1.86B,$0.27B,14.44%,$1.86B,$0.27B,14.44%,$1.86B,$0.16B,8.78%,$1.86B,$0.04B,1.94%,$0.04B,$0.66B,4.65%,$0.04B,$0.66B,4.65%,$0.04B,$8.84B,0.46%,$0.27B,$4.56B,6.28%,$595,$446,$149,$0,$48,$494,$101,$-31,$70,$46,$24,$24,$20,$101,$101,$64,64,$0.32,$0.31,$1660,$0,$0,$1853,$32,$0,$0,$6817,$6986,$8838,$817,$3906,$3240,$7363,$8181,$0,$200,$-29,$658,$8838,$0,$0,$0,$0,$0,$0,$0,$0,$0,$0,$0,$0,$0,$0,$0,$0,$0,$0,$0,$0,$0,$0,$0,$0,$0,$0,$0,$0,$0
1,2018-06-30,4.45,$10.55,0.42,$26.53,0.17,$-1.48,0.0,$0.42,10.6,$1.64B,$0.66B,2.49,$3.43B,$0.68B,5.05,$1.74B,$0.44B,25.24%,$1.74B,$0.23B,12.91%,$1.74B,$0.23B,12.91%,$1.74B,$0.23B,12.91%,$1.74B,$0.13B,7.57%,$1.74B,$0.03B,1.72%,$0.03B,$0.68B,3.48%,$0.03B,$0.68B,3.48%,$0.03B,$8.19B,0.43%,$0.23B,$4.11B,5.65%,$361,$249,$112,$0,$46,$295,$66,$-46,$20,$29,$-9,$-9,$-7,$66,$66,$65,66,$-0.11,$-0.11,$1550,$0,$0,$1638,$30,$0,$0,$6376,$6548,$8185,$657,$3432,$3243,$6848,$7505,$0,$191,$13,$680,$8185,$-22,$14,$-134,$-120,$64,$0,$-199,$97,$-92,$-230,$-3,$0,$-169,$0,$159,$159,$0,$-13,$515,$-209,$306,$-6,$-6,$-13,$-25,$262,$-10,$2,$-13
2,2018-03-31,5.18,$0.00,0.0,$28.49,0.18,$0.03,174.93,$0.67,7.73,$1.38B,$0.73B,1.89,$3.57B,$0.71B,5.06,$1.87B,$0.44B,23.32%,$1.87B,$0.22B,11.71%,$1.87B,$0.22B,11.71%,$1.87B,$0.22B,11.71%,$1.87B,$0.16B,8.50%,$1.87B,$0.05B,2.46%,$0.05B,$0.71B,4.94%,$0.05B,$0.71B,4.94%,$0.05B,$8.22B,0.75%,$0.22B,$4.27B,5.72%,$174,$135,$39,$0,$40,$175,$-1,$-12,$-13,$0,$-13,$-13,$-10,$-1,$-1,$65,66,$-0.16,$-0.16,$1315,$0,$0,$1376,$33,$0,$0,$6653,$6839,$8215,$726,$3565,$3082,$6784,$7510,$0,$187,$51,$705,$8215,$0,$0,$0,$0,$0,$0,$0,$0,$0,$0,$0,$0,$0,$0,$0,$0,$0,$0,$0,$0,$0,$0,$0,$0,$0,$0,$0,$0,$0
3,2017-12-31,6.57,$0.00,0.0,$30.17,0.22,$0.03,221.9,$0.94,6.99,$1.69B,$0.94B,1.8,$3.08B,$1.06B,2.91,$1.98B,$0.46B,23.27%,$1.98B,$0.25B,12.49%,$1.98B,$0.25B,12.49%,$1.98B,$0.25B,12.49%,$1.98B,$0.19B,9.81%,$1.98B,$0.06B,3.19%,$0.06B,$1.06B,6.40%,$0.06B,$1.06B,6.40%,$0.06B,$6.38B,1.22%,$0.25B,$4.14B,6.97%,$726,$545,$180,$0,$78,$624,$102,$-16,$86,$50,$35,$35,$33,$102,$102,$64,66,$0.50,$0.49,$1519,$0,$0,$1693,$32,$0,$0,$4577,$4692,$6384,$939,$3080,$1129,$4389,$5327,$0,$488,$29,$1057,$6384,$80,$20,$-13,$7,$-64,$0,$132,$-57,$52,$140,$-5,$0,$-822,$0,$0,$0,$0,$-827,$264,$854,$1117,$-8,$-8,$-26,$-141,$942,$316,$5,$-26
4,2017-09-30,5.39,$0.00,0.0,$26.49,0.2,$-4.37,0.0,$0.65,8.29,$1.34B,$0.59B,2.25,$2.39B,$1.01B,2.36,$1.76B,$0.41B,23.18%,$1.76B,$0.22B,12.53%,$1.76B,$0.22B,12.53%,$1.76B,$0.22B,12.53%,$1.76B,$0.16B,9.28%,$1.76B,$0.04B,2.39%,$0.04B,$1.01B,4.42%,$0.04B,$1.01B,4.42%,$0.04B,$5.01B,0.91%,$0.22B,$3.40B,6.83%,$482,$374,$109,$0,$51,$425,$58,$-19,$39,$22,$17,$17,$14,$58,$58,$64,65,$0.22,$0.22,$1237,$0,$0,$1336,$33,$0,$0,$3591,$3674,$5010,$592,$2389,$825,$3407,$3999,$0,$462,$10,$1011,$5010,$0,$0,$0,$0,$0,$0,$0,$0,$0,$0,$0,$0,$0,$0,$0,$0,$0,$0,$0,$0,$0,$0,$0,$0,$0,$0,$0,$0,$0
5,2017-06-30,4.82,$0.00,0.0,$25.51,0.19,$-4.37,0.0,$0.84,5.74,$1.39B,$0.59B,2.35,$2.56B,$0.95B,2.69,$1.72B,$0.40B,23.46%,$1.72B,$0.21B,12.40%,$1.72B,$0.21B,12.40%,$1.72B,$0.21B,12.40%,$1.72B,$0.17B,10.07%,$1.72B,$0.06B,3.26%,$0.06B,$0.95B,5.99%,$0.06B,$0.95B,5.99%,$0.06B,$4.91B,1.25%,$0.21B,$3.51B,6.84%,$488,$380,$108,$0,$48,$428,$60,$-13,$47,$26,$21,$21,$9,$60,$60,$64,66,$0.14,$0.14,$1327,$0,$0,$1393,$33,$0,$0,$3430,$3514,$4907,$592,$2555,$623,$3364,$3955,$0,$453,$-11,$952,$4907,$28,$10,$2,$11,$6,$0,$-54,$-102,$-170,$-130,$-3,$0,$-9,$0,$0,$0,$0,$-11,$449,$76,$525,$-12,$-12,$-14,$-12,$488,$368,$2,$-14
6,2017-03-31,4.02,$0.00,0.0,$23.60,0.17,$240.62,0.02,$1.09,3.69,$1.35B,$0.55B,2.43,$2.22B,$0.92B,2.41,$1.61B,$0.37B,23.15%,$1.61B,$0.19B,11.76%,$1.61B,$0.19B,11.76%,$1.61B,$4.51B,280.71%,$1.61B,$0.17B,10.33%,$1.61B,$0.07B,4.60%,$0.07B,$0.92B,7.96%,$0.07B,$0.92B,7.96%,$0.07B,$4.37B,1.77%,$0.19B,$3.14B,6.48%,$281,$218,$63,$0,$36,$254,$27,$-5,$22,$15,$7,$7,$7,$27,$27,$64,65,$0.12,$0.11,$1287,$0,$0,$1346,$34,$0,$0,$2942,$3026,$4371,$554,$2215,$577,$2897,$3451,$0,$451,$-31,$920,$4371,$0,$0,$0,$0,$0,$0,$0,$0,$0,$0,$0,$0,$0,$0,$0,$0,$0,$0,$0,$0,$0,$0,$0,$0,$0,$0,$0,$0,$0
7,2016-12-31,4.43,$14.14,0.31,$22.57,0.2,$240.62,0.02,$1.07,4.14,$1.01B,$0.70B,1.44,$1.93B,$0.92B,2.11,$1.56B,$0.36B,22.93%,$1.56B,$0.18B,11.47%,$1.56B,$0.18B,11.47%,$1.56B,$4.50B,288.34%,$1.56B,$0.17B,10.63%,$1.56B,$0.07B,4.68%,$0.07B,$0.92B,7.82%,$0.07B,$0.92B,8.15%,$0.07B,$4.22B,1.79%,$0.18B,$2.85B,6.85%,$505,$379,$127,$0,$52,$431,$75,$-19,$55,$39,$17,$17,$12,$75,$75,$67,69,$0.18,$0.17,$946,$0,$0,$1011,$34,$0,$0,$3142,$3209,$4220,$703,$1934,$577,$2600,$3303,$0,$450,$-35,$916,$4220,$79,$16,$-38,$-21,$7,$0,$40,$-286,$-218,$-160,$-2,$0,$7,$0,$0,$0,$0,$4,$127,$212,$339,$-32,$-32,$-21,$89,$375,$191,$8,$-21
8,2016-09-30,5.55,$0.00,0.0,$20.91,0.27,$242.88,0.02,$1.15,4.82,$1.45B,$0.67B,2.18,$2.02B,$0.95B,2.12,$1.47B,$0.31B,21.22%,$1.47B,$0.13B,8.84%,$1.47B,$0.13B,8.84%,$1.47B,$4.46B,303.61%,$1.47B,$0.14B,9.52%,$1.47B,$0.08B,5.44%,$0.08B,$0.95B,8.52%,$0.08B,$0.95B,8.88%,$0.08B,$4.35B,2.05%,$0.13B,$2.97B,5.17%,$444,$339,$105,$0,$54,$393,$51,$-3,$49,$20,$28,$28,$28,$51,$51,$66,69,$0.43,$0.41,$1383,$0,$0,$1454,$36,$0,$0,$2832,$2897,$4351,$666,$2018,$624,$2734,$3400,$0,$445,$4,$951,$4351,$0,$0,$0,$0,$0,$0,$0,$0,$0,$0,$0,$0,$0,$0,$0,$0,$0,$0,$0,$0,$0,$0,$0,$0,$0,$0,$0,$0,$0
9,2016-06-30,4.23,$0.00,0.0,$18.71,0.23,$242.88,0.02,$1.05,4.03,$0.98B,$0.68B,1.43,$1.77B,$0.93B,1.9,$1.34B,$0.29B,21.72%,$1.34B,$0.11B,8.46%,$1.34B,$0.11B,8.46%,$1.34B,$4.44B,332.73%,$1.34B,$0.13B,9.51%,$1.34B,$0.08B,5.62%,$0.08B,$0.93B,8.00%,$0.08B,$0.93B,8.34%,$0.08B,$3.76B,2.02%,$0.11B,$2.70B,5.11%,$377,$299,$77,$0,$41,$340,$36,$3,$40,$12,$28,$28,$27,$4358,$36,$66,68,$0.40,$0.39,$931,$0,$0,$977,$37,$0,$0,$2722,$2787,$3764,$684,$1772,$310,$2148,$2833,$0,$423,$12,$932,$3764,$34699,$4321,$0,$4321,$0,$0,$0,$0,$25830,$16479,$84,$0,$0,$0,$0,$0,$2590,$2673,$0,$12249,$41624,$0,$0,$-7016,$-31837,$15021,$29301,$0,$0
10,2016-03-31,3.79,$0.00,0.0,$16.91,0.22,$-3.10,0.0,$0.93,4.07,$1.25B,$1.69B,0.74,$0.99B,$0.94B,1.06,$1.23B,$0.27B,22.22%,$1.23B,$0.10B,8.27%,$1.23B,$0.10B,8.27%,$1.23B,$0.11B,8.84%,$1.23B,$0.12B,9.33%,$1.23B,$0.07B,5.52%,$0.07B,$0.94B,7.17%,$0.07B,$0.78B,7.47%,$0.07B,$3.96B,1.86%,$0.10B,$1.93B,5.13%,$235,$186,$49,$0,$32,$218,$17,$5,$22,$15,$7,$7,$6,$17,$17,$69,71,$0.09,$0.09,$1042,$0,$0,$1253,$0,$0,$153,$2488,$2669,$3961,$1685,$989,$237,$1322,$3024,$0,$320,$0,$937,$3961,$0,$0,$0,$0,$0,$0,$0,$0,$0,$0,$0,$0,$0,$0,$0,$0,$0,$0,$0,$0,$0,$0,$0,$0,$0,$0,$0,$0,$0
11,2015-12-31,3.12,$13.11,0.24,$15.88,0.2,$-3.10,0.0,$0.90,3.46,$0.94B,$0.69B,1.36,$1.53B,$0.94B,1.63,$1.17B,$0.27B,23.43%,$1.17B,$0.11B,9.01%,$1.17B,$0.11B,9.01%,$1.17B,$0.11B,9.61%,$1.17B,$0.12B,10.13%,$1.17B,$0.07B,5.67%,$0.07B,$0.94B,6.92%,$0.07B,$0.94B,6.92%,$0.07B,$3.55B,1.88%,$0.11B,$2.46B,5.37%,$414,$332,$81,$0,$55,$387,$26,$3,$29,$10,$19,$19,$19,$37,$26,$70,73,$0.27,$0.26,$752,$0,$0,$942,$39,$0,$0,$2552,$2607,$3549,$693,$1527,$317,$1920,$2613,$0,$398,$31,$936,$3549,$66,$11,$-16,$11,$-29,$0,$144,$-231,$-66,$-5,$0,$0,$-33,$0,$0,$-2,$0,$-35,$433,$-153,$433,$-7,$-7,$-15,$48,$306,$247,$4,$-15
12,2015-09-30,2.35,$0.00,0.0,$15.07,0.16,$-14.95,0.0,$0.98,2.4,$0.82B,$1.61B,0.51,$0.81B,$0.94B,0.86,$1.11B,$0.29B,25.85%,$1.11B,$0.12B,10.95%,$1.11B,$0.12B,10.95%,$1.11B,$0.12B,10.59%,$1.11B,$0.13B,11.31%,$1.11B,$0.07B,6.46%,$0.07B,$0.94B,7.50%,$0.07B,$0.94B,7.50%,$0.07B,$3.56B,2.10%,$0.12B,$1.76B,7.03%,$309,$226,$83,$0,$49,$275,$34,$3,$36,$14,$23,$23,$23,$30,$34,$73,73,$0.31,$0.31,$562,$0,$0,$823,$0,$0,$0,$2670,$2698,$3562,$1612,$814,$112,$986,$2618,$0,$382,$0,$944,$3562,$0,$0,$0,$0,$0,$0,$0,$0,$0,$0,$0,$0,$0,$0,$0,$0,$0,$0,$0,$0,$0,$0,$0,$0,$0,$0,$0,$0,$0
13,2015-06-30,2.63,$0.00,0.0,$12.72,0.21,$-14.95,0.0,$0.77,3.42,$0.48B,$1.27B,0.38,$0.83B,$0.98B,0.85,$0.97B,$0.25B,25.59%,$0.97B,$0.10B,10.22%,$0.97B,$0.10B,10.22%,$0.97B,$0.10B,10.22%,$0.97B,$0.10B,10.32%,$0.97B,$0.06B,5.88%,$0.06B,$0.98B,5.94%,$0.06B,$0.98B,5.94%,$0.06B,$3.53B,1.73%,$0.10B,$1.81B,5.67%,$275,$214,$61,$0,$36,$250,$25,$3,$28,$8,$20,$20,$20,$25,$25,$74,74,$0.27,$0.27,$449,$0,$0,$475,$0,$0,$0,$2978,$3009,$3528,$1265,$830,$372,$1264,$2550,$0,$291,$0,$978,$3528,$25,$4,$0,$4,$0,$0,$0,$0,$0,$-221,$0,$0,$0,$0,$0,$-6,$-35,$-41,$0,$-163,$0,$0,$0,$-7,$453,$282,$19,$0,$0
14,2015-03-31,2.4,$0.00,0.0,$10.86,0.22,$-11.95,0.0,$0.58,4.14,$0.46B,$1.25B,0.37,$0.83B,$0.96B,0.87,$0.86B,$0.23B,26.71%,$0.86B,$0.08B,9.52%,$0.86B,$0.08B,9.52%,$0.86B,$0.08B,9.52%,$0.86B,$0.08B,8.83%,$0.86B,$0.04B,5.11%,$0.04B,$0.96B,4.63%,$0.04B,$0.96B,4.63%,$0.04B,$3.41B,1.41%,$0.08B,$1.79B,4.80%,$167,$119,$48,$0,$28,$146,$20,$5,$25,$21,$5,$4,$4,$20,$20,$74,74,$0.06,$0.06,$444,$0,$0,$455,$0,$0,$0,$2881,$2913,$3413,$1246,$830,$289,$1184,$2453,$0,$274,$0,$959,$3413,$0,$0,$0,$0,$0,$0,$0,$0,$0,$0,$0,$0,$0,$0,$0,$0,$0,$0,$0,$0,$0,$0,$0,$0,$0,$0,$0,$0,$0
15,2014-12-31,1.87,$0.00,0.0,$11.09,0.17,$-11.95,0.0,$0.64,2.92,$0.60B,$1.31B,0.46,$0.63B,$0.96B,0.65,$0.92B,$0.24B,26.20%,$0.92B,$0.10B,10.54%,$0.92B,$0.10B,10.54%,$0.92B,$0.10B,10.54%,$0.92B,$0.08B,8.59%,$0.92B,$0.05B,5.43%,$0.05B,$0.96B,5.28%,$0.05B,$0.96B,5.28%,$0.05B,$3.23B,1.73%,$0.10B,$1.59B,5.89%,$363,$267,$96,$0,$53,$320,$43,$-6,$37,$13,$24,$25,$25,$43,$43,$74,75,$0.34,$0.34,$585,$0,$0,$600,$0,$0,$0,$2555,$2585,$3232,$1311,$629,$249,$936,$2271,$0,$275,$0,$961,$3232,$48,$7,$15,$7,$-7,$0,$157,$-1048,$0,$-884,$-6,$0,$0,$0,$0,$0,$-10,$-16,$102,$0,$-123,$-24,$1,$0,$577,$455,$-447,$3,$-15
16,2014-09-30,2.29,$0.00,0.0,$9.39,0.24,$-2.37,0.0,$0.59,3.87,$0.59B,$0.88B,0.68,$0.86B,$0.94B,0.92,$0.85B,$0.24B,28.37%,$0.85B,$0.11B,13.48%,$0.85B,$0.11B,13.48%,$0.85B,$0.11B,13.48%,$0.85B,$0.10B,11.82%,$0.85B,$0.05B,6.03%,$0.05B,$0.94B,5.40%,$0.05B,$0.94B,5.40%,$0.05B,$2.99B,1.90%,$0.11B,$1.80B,6.99%,$164,$120,$43,$0,$32,$152,$11,$-1,$10,$3,$8,$8,$8,$11,$11,$75,88,$0.10,$0.10,$569,$0,$0,$593,$0,$0,$0,$2312,$2346,$2985,$875,$861,$240,$1149,$2048,$0,$257,$0,$938,$2985,$0,$0,$0,$0,$0,$0,$0,$0,$0,$0,$0,$0,$0,$0,$0,$0,$0,$0,$0,$0,$0,$0,$0,$0,$0,$0,$0,$0,$0
17,2014-06-30,3.23,$0.00,0.0,$10.81,0.3,$-2.37,0.0,$0.88,3.68,$0.72B,$0.92B,0.78,$0.72B,$0.95B,0.76,$0.92B,$0.28B,29.90%,$0.92B,$0.16B,17.12%,$0.92B,$0.16B,17.12%,$0.92B,$0.16B,17.12%,$0.92B,$0.14B,15.60%,$0.92B,$0.07B,7.80%,$0.07B,$0.95B,7.67%,$0.07B,$0.95B,7.67%,$0.07B,$2.89B,2.97%,$0.16B,$1.66B,10.57%,$167,$124,$43,$0,$36,$159,$8,$-3,$4,$-2,$7,$7,$7,$8,$8,$76,89,$0.09,$0.08,$684,$0,$0,$715,$0,$0,$0,$2095,$2129,$2890,$919,$715,$228,$1000,$1944,$0,$253,$0,$945,$2890,$0,$0,$0,$0,$0,$0,$0,$0,$0,$0,$0,$0,$0,$0,$0,$0,$0,$0,$0,$0,$0,$0,$0,$0,$0,$0,$0,$0,$0
18,2014-03-31,3.82,$0.00,0.0,$11.69,0.33,$-2.37,0.0,$1.34,2.85,$0.68B,$0.52B,1.3,$0.60B,$0.94B,0.64,$0.95B,$0.30B,31.76%,$0.95B,$0.21B,21.49%,$0.95B,$0.21B,21.49%,$0.95B,$0.21B,21.49%,$0.95B,$0.19B,20.23%,$0.95B,$0.10B,10.90%,$0.10B,$0.94B,11.36%,$0.10B,$0.94B,11.36%,$0.10B,$2.47B,4.84%,$0.21B,$1.54B,15.61%,$226,$167,$59,$0,$24,$191,$35,$-7,$28,$18,$10,$10,$10,$35,$35,$78,91,$0.13,$0.12,$655,$0,$0,$680,$0,$0,$0,$1728,$1747,$2473,$523,$602,$273,$982,$1531,$0,$250,$0,$941,$2473,$0,$0,$0,$0,$0,$0,$0,$0,$0,$0,$0,$0,$0,$0,$0,$0,$0,$0,$0,$0,$0,$0,$0,$0,$0,$0,$0,$0,$0
19,2013-12-31,4.01,$0.00,0.0,$11.54,0.35,$-2.37,0.0,$1.59,2.52,$0.86B,$0.53B,1.61,$0.57B,$0.95B,0.6,$0.90B,$0.30B,33.44%,$0.90B,$0.21B,23.75%,$0.90B,$0.21B,23.75%,$0.90B,$0.21B,23.75%,$0.90B,$0.21B,23.41%,$0.90B,$0.12B,13.49%,$0.12B,$0.95B,13.71%,$0.12B,$0.95B,13.71%,$0.12B,$2.38B,6.31%,$0.21B,$1.52B,18.72%,$289,$194,$95,$0,$35,$229,$60,$-2,$58,$26,$32,$26,$26,$60,$60,$78,91,$0.33,$0.29,$837,$0,$0,$856,$0,$0,$0,$1460,$1479,$2382,$531,$570,$180,$871,$1429,$0,$244,$0,$953,$2382,$126,$3,$0,$3,$0,$0,$0,$0,$-327,$-213,$-3,$0,$-91,$0,$0,$-6,$0,$-100,$0,$-218,$708,$0,$32,$-15,$-113,$394,$91,$0,$0
20,2013-09-30,4.46,$0.00,0.0,$12.03,0.37,$2.54,1.75,$1.77,2.52,$0.81B,$0.44B,1.84,$0.34B,$0.92B,0.37,$0.87B,$0.29B,33.64%,$0.87B,$0.23B,26.06%,$0.87B,$0.23B,26.06%,$0.87B,$0.23B,26.06%,$0.87B,$0.23B,26.29%,$0.87B,$0.13B,14.81%,$0.13B,$0.92B,15.37%,$0.13B,$0.92B,15.37%,$0.13B,$1.95B,7.53%,$0.23B,$1.25B,23.61%,$241,$162,$79,$0,$23,$185,$55,$-2,$54,$25,$29,$29,$29,$55,$55,$71,73,$0.40,$0.39,$796,$0,$0,$813,$0,$0,$0,$1088,$1094,$1953,$442,$335,$182,$594,$1036,$0,$337,$0,$917,$1953,$0,$0,$0,$0,$0,$0,$0,$0,$0,$0,$0,$0,$0,$0,$0,$0,$0,$0,$0,$0,$0,$0,$0,$0,$0,$0,$0,$0,$0
21,2013-06-30,3.18,$0.00,0.0,$11.89,0.27,$2.54,1.25,$1.82,1.75,$0.89B,$0.46B,1.91,$0.08B,$0.85B,0.1,$0.86B,$0.28B,32.59%,$0.86B,$0.22B,26.05%,$0.86B,$0.22B,26.05%,$0.86B,$0.22B,26.05%,$0.86B,$0.23B,26.64%,$0.86B,$0.13B,15.42%,$0.13B,$0.85B,16.58%,$0.13B,$0.85B,16.58%,$0.13B,$1.79B,8.21%,$0.22B,$0.93B,26.53%,$198,$129,$70,$0,$15,$143,$55,$-2,$53,$14,$39,$39,$39,$55,$55,$71,72,$0.55,$0.54,$875,$0,$0,$888,$0,$0,$0,$897,$903,$1793,$464,$84,$326,$478,$942,$0,$307,$0,$851,$1793,$0,$0,$0,$0,$0,$0,$0,$0,$0,$0,$0,$0,$0,$0,$0,$0,$0,$0,$0,$0,$0,$0,$0,$0,$0,$0,$0,$0,$0
22,2013-03-31,3.59,$0.00,0.0,$12.59,0.29,$2.54,1.41,$2.22,1.62,$0.64B,$0.53B,1.21,$0.04B,$0.81B,0.04,$0.91B,$0.29B,31.39%,$0.91B,$0.23B,25.25%,$0.91B,$0.23B,25.25%,$0.91B,$0.23B,25.25%,$0.91B,$0.24B,26.23%,$0.91B,$0.16B,17.78%,$0.16B,$0.81B,21.23%,$0.16B,$0.81B,21.23%,$0.16B,$1.54B,10.74%,$0.23B,$0.84B,29.23%,$169,$114,$56,$0,$12,$126,$43,$2,$45,$18,$27,$27,$27,$43,$43,$71,72,$0.37,$0.37,$626,$0,$0,$640,$0,$0,$0,$898,$900,$1542,$529,$35,$88,$204,$734,$0,$259,$0,$808,$1542,$0,$0,$0,$0,$0,$0,$0,$0,$0,$0,$0,$0,$0,$0,$0,$0,$0,$0,$0,$0,$0,$0,$0,$0,$0,$0,$0,$0,$0
23,2012-12-31,2.58,$0.00,0.0,$12.61,0.2,$2.54,1.01,$2.15,1.2,$0.67B,$0.53B,1.27,$0.04B,$0.78B,0.05,$0.92B,$0.28B,30.49%,$0.92B,$0.22B,24.48%,$0.92B,$0.22B,24.48%,$0.92B,$0.22B,24.48%,$0.92B,$0.23B,25.46%,$0.92B,$0.16B,17.27%,$0.16B,$0.78B,21.76%,$0.16B,$0.78B,21.76%,$0.16B,$1.57B,10.79%,$0.22B,$0.82B,29.65%,$263,$175,$88,$0,$14,$189,$74,$3,$77,$43,$34,$34,$34,$74,$74,$71,72,$0.47,$0.47,$642,$0,$0,$672,$0,$0,$0,$892,$894,$1566,$531,$35,$143,$254,$785,$0,$152,$0,$782,$1566,$158,$3,$0,$3,$0,$0,$0,$0,$36,$183,$-0,$0,$0,$0,$0,$0,$0,$-0,$0,$-11,$9,$0,$-6,$-11,$12,$-7,$177,$0,$0
24,2012-09-30,2.03,$0.00,0.0,$11.64,0.17,$2.85,0.71,$2.06,0.99,$0.61B,$0.49B,1.25,$0.03B,$0.74B,0.03,$0.85B,$0.25B,28.99%,$0.85B,$0.20B,22.89%,$0.85B,$0.20B,22.89%,$0.85B,$0.20B,22.89%,$0.85B,$0.20B,23.83%,$0.85B,$0.15B,17.84%,$0.15B,$0.74B,22.04%,$0.15B,$0.74B,22.04%,$0.15B,$1.53B,10.70%,$0.20B,$0.77B,26.40%,$226,$161,$65,$0,$15,$175,$51,$3,$53,$21,$32,$32,$32,$51,$51,$72,72,$0.44,$0.44,$609,$0,$0,$611,$0,$0,$0,$918,$920,$1531,$491,$25,$236,$297,$788,$0,$212,$0,$743,$1531,$0,$0,$0,$0,$0,$0,$0,$0,$0,$0,$0,$0,$0,$0,$0,$0,$0,$0,$0,$0,$0,$0,$0,$0,$0,$0,$0,$0,$0
25,2012-06-30,2.13,$0.00,0.0,$11.36,0.19,$2.85,0.75,$2.04,1.04,$0.61B,$0.48B,1.28,$0.00B,$0.72B,0.0,$0.84B,$0.25B,29.32%,$0.84B,$0.19B,23.12%,$0.84B,$0.19B,23.12%,$0.84B,$0.19B,23.12%,$0.84B,$0.20B,23.96%,$0.84B,$0.15B,18.00%,$0.15B,$0.72B,23.05%,$0.15B,$0.72B,23.05%,$0.15B,$1.40B,11.08%,$0.19B,$0.72B,27.01%,$253,$176,$77,$0,$16,$191,$62,$2,$64,$-6,$69,$69,$69,$62,$62,$73,73,$0.95,$0.94,$605,$0,$0,$611,$0,$0,$0,$784,$786,$1397,$480,$0,$168,$198,$678,$0,$185,$0,$719,$1397,$0,$0,$0,$0,$0,$0,$0,$0,$0,$0,$0,$0,$0,$0,$0,$0,$0,$0,$0,$0,$0,$0,$0,$0,$0,$0,$0,$0,$0
26,2012-03-31,2.4,$0.00,0.0,$10.31,0.23,$2.85,0.84,$1.50,1.6,$0.53B,$0.44B,1.19,$0.06B,$0.66B,0.09,$0.77B,$0.22B,29.00%,$0.77B,$0.18B,22.89%,$0.77B,$0.18B,22.89%,$0.77B,$0.18B,22.89%,$0.77B,$0.18B,23.67%,$0.77B,$0.11B,14.69%,$0.11B,$0.66B,18.32%,$0.11B,$0.66B,18.32%,$0.11B,$1.36B,8.55%,$0.18B,$0.72B,24.65%,$173,$123,$49,$0,$12,$135,$37,$1,$39,$15,$23,$23,$23,$37,$37,$73,73,$0.30,$0.30,$516,$0,$0,$530,$0,$0,$0,$831,$833,$1362,$444,$58,$148,$258,$703,$0,$123,$0,$660,$1362,$0,$0,$0,$0,$0,$0,$0,$0,$0,$0,$0,$0,$0,$0,$0,$0,$0,$0,$0,$0,$0,$0,$0,$0,$0,$0,$0,$0,$0
27,2011-12-31,1.21,$0.00,0.0,$9.14,0.13,$2.85,0.42,$1.36,0.89,$0.51B,$0.43B,1.17,$0.11B,$0.64B,0.18,$0.69B,$0.20B,28.92%,$0.69B,$0.16B,22.82%,$0.69B,$0.16B,22.82%,$0.69B,$0.16B,22.82%,$0.69B,$0.16B,23.40%,$0.69B,$0.10B,14.83%,$0.10B,$0.64B,17.42%,$0.10B,$0.64B,17.42%,$0.10B,$1.39B,8.05%,$0.16B,$0.75B,22.54%,$200,$143,$56,$0,$12,$155,$45,$3,$47,$19,$28,$28,$28,$45,$45,$74,74,$0.38,$0.38,$488,$0,$0,$508,$0,$0,$0,$883,$884,$1392,$434,$113,$136,$323,$756,$0,$99,$0,$636,$1392,$103,$3,$0,$3,$0,$0,$0,$0,$100,$213,$-1,$0,$0,$0,$0,$0,$0,$-1,$0,$-68,$45,$0,$-8,$-8,$-80,$-119,$106,$0,$0
28,2011-09-30,1.21,$0.00,0.0,$8.24,0.15,$0.66,1.83,$1.26,0.96,$0.55B,$0.36B,1.53,$0.08B,$0.61B,0.14,$0.63B,$0.18B,29.44%,$0.63B,$0.14B,23.04%,$0.63B,$0.14B,23.04%,$0.63B,$0.14B,23.04%,$0.63B,$0.15B,23.68%,$0.63B,$0.10B,15.36%,$0.10B,$0.61B,17.27%,$0.10B,$0.61B,17.27%,$0.10B,$1.30B,8.04%,$0.14B,$0.69B,21.62%,$213,$149,$64,$0,$14,$164,$50,$1,$51,$20,$31,$31,$31,$50,$50,$74,74,$0.42,$0.42,$525,$0,$0,$547,$0,$0,$0,$751,$752,$1299,$359,$83,$215,$336,$695,$0,$72,$0,$605,$1299,$0,$0,$0,$0,$0,$0,$0,$0,$0,$0,$0,$0,$0,$0,$0,$0,$0,$0,$0,$0,$0,$0,$0,$0,$0,$0,$0,$0,$0
29,2011-06-30,1.48,$0.00,0.0,$6.78,0.22,$0.66,2.24,$0.94,1.57,$0.42B,$0.36B,1.18,$0.14B,$0.57B,0.24,$0.52B,$0.15B,28.65%,$0.52B,$0.12B,22.31%,$0.52B,$0.12B,22.31%,$0.52B,$0.12B,22.31%,$0.52B,$0.12B,23.08%,$0.52B,$0.07B,14.04%,$0.07B,$0.57B,13.85%,$0.07B,$0.57B,13.85%,$0.07B,$1.23B,6.45%,$0.12B,$0.70B,17.28%,$183,$128,$54,$0,$10,$138,$44,$1,$45,$13,$32,$31,$31,$44,$44,$77,77,$0.40,$0.40,$407,$0,$0,$420,$0,$0,$0,$809,$810,$1231,$355,$136,$137,$310,$665,$0,$30,$0,$566,$1231,$0,$0,$0,$0,$0,$0,$0,$0,$0,$0,$0,$0,$0,$0,$0,$0,$0,$0,$0,$0,$0,$0,$0,$0,$0,$0,$0,$0,$0
30,2011-03-31,1.52,$0.00,0.0,$5.63,0.27,$0.66,2.3,$0.67,2.27,$0.35B,$0.34B,1.03,$0.11B,$0.54B,0.21,$0.43B,$0.12B,26.68%,$0.43B,$0.08B,19.49%,$0.43B,$0.08B,19.49%,$0.43B,$0.08B,19.49%,$0.43B,$0.09B,20.42%,$0.43B,$0.05B,12.06%,$0.05B,$0.54B,10.31%,$0.05B,$0.54B,10.31%,$0.05B,$1.15B,4.86%,$0.08B,$0.65B,12.55%,$92,$67,$25,$0,$7,$74,$18,$1,$18,$7,$12,$12,$12,$18,$18,$77,77,$0.16,$0.16,$349,$0,$0,$354,$0,$0,$0,$790,$791,$1145,$344,$113,$92,$267,$610,$0,$-1,$0,$535,$1145,$0,$0,$0,$0,$0,$0,$0,$0,$0,$0,$0,$0,$0,$0,$0,$0,$0,$0,$0,$0,$0,$0,$0,$0,$0,$0,$0,$0,$0
31,2010-12-31,1.7,$0.00,0.0,$5.81,0.29,$0.66,2.58,$0.65,2.62,$0.31B,$0.34B,0.89,$0.11B,$0.52B,0.21,$0.45B,$0.12B,25.56%,$0.45B,$0.08B,18.44%,$0.45B,$0.08B,18.44%,$0.45B,$0.08B,18.44%,$0.45B,$0.09B,19.56%,$0.45B,$0.05B,11.56%,$0.05B,$0.52B,10.71%,$0.05B,$0.52B,10.71%,$0.05B,$1.10B,4.96%,$0.08B,$0.63B,12.65%,$137,$96,$41,$0,$9,$105,$32,$2,$34,$13,$22,$22,$22,$32,$32,$77,77,$0.28,$0.28,$296,$0,$0,$306,$0,$0,$0,$796,$798,$1104,$342,$109,$94,$244,$586,$0,$-69,$0,$518,$1104,$51,$3,$0,$3,$0,$0,$0,$0,$-12,$51,$-1,$0,$9,$0,$0,$0,$0,$8,$0,$-24,$54,$0,$0,$0,$-40,$-10,$56,$0,$0
32,2010-09-30,1.59,$0.00,0.0,$6.37,0.25,$1.54,1.03,$0.69,2.31,$0.27B,$0.26B,1.02,$0.22B,$0.49B,0.45,$0.50B,$0.12B,22.91%,$0.50B,$0.08B,15.94%,$0.50B,$0.08B,15.94%,$0.50B,$0.08B,15.94%,$0.50B,$0.08B,16.53%,$0.50B,$0.06B,10.96%,$0.06B,$0.49B,11.75%,$0.06B,$0.49B,11.75%,$0.06B,$1.05B,5.54%,$0.08B,$0.71B,12.77%,$108,$78,$29,$0,$7,$86,$22,$1,$23,$15,$8,$8,$8,$22,$22,$77,77,$0.10,$0.10,$264,$0,$0,$268,$0,$0,$0,$751,$755,$1045,$264,$218,$61,$292,$556,$0,$-42,$0,$490,$1045,$0,$0,$0,$0,$0,$0,$0,$0,$0,$0,$0,$0,$0,$0,$0,$0,$0,$0,$0,$0,$0,$0,$0,$0,$0,$0,$0,$0,$0
33,2010-06-30,1.54,$0.00,0.0,$6.56,0.23,$3.34,0.46,$0.78,1.98,$0.23B,$0.23B,0.98,$0.22B,$0.48B,0.46,$0.52B,$0.11B,21.46%,$0.52B,$0.08B,14.37%,$0.52B,$0.08B,14.37%,$0.52B,$0.08B,14.37%,$0.52B,$0.08B,15.52%,$0.52B,$0.06B,11.88%,$0.06B,$0.48B,13.73%,$0.06B,$0.48B,13.73%,$0.06B,$0.99B,6.47%,$0.08B,$0.69B,12.97%,$94,$74,$20,$0,$8,$83,$12,$2,$13,$4,$10,$10,$10,$12,$12,$76,76,$0.13,$0.13,$223,$0,$0,$226,$0,$0,$0,$756,$759,$986,$230,$220,$54,$281,$511,$0,$-57,$0,$475,$986,$0,$0,$0,$0,$0,$0,$0,$0,$0,$0,$0,$0,$0,$0,$0,$0,$0,$0,$0,$0,$0,$0,$0,$0,$0,$0,$0,$0,$0
34,2010-03-31,2.58,$0.00,0.0,$6.46,0.4,$3.34,0.77,$0.69,3.74,$0.29B,$0.39B,0.76,$0.14B,$0.46B,0.3,$0.52B,$0.11B,20.58%,$0.52B,$0.07B,13.65%,$0.52B,$0.07B,13.65%,$0.52B,$0.07B,13.65%,$0.52B,$0.08B,14.81%,$0.52B,$0.06B,10.77%,$0.06B,$0.46B,12.89%,$0.06B,$0.46B,12.89%,$0.06B,$1.06B,5.94%,$0.07B,$0.60B,13.24%,$111,$86,$25,$0,$8,$94,$17,$1,$18,$6,$12,$12,$12,$17,$17,$76,81,$0.14,$0.14,$292,$0,$0,$294,$0,$0,$0,$758,$761,$1055,$387,$136,$62,$209,$596,$0,$-69,$0,$460,$1055,$0,$0,$0,$0,$0,$0,$0,$0,$0,$0,$0,$0,$0,$0,$0,$0,$0,$0,$0,$0,$0,$0,$0,$0,$0,$0,$0,$0,$0
35,2009-12-31,2.89,$0.00,0.0,$5.79,0.5,$3.34,0.87,$0.57,5.08,$0.21B,$0.31B,0.68,$0.06B,$0.45B,0.14,$0.45B,$0.09B,19.60%,$0.45B,$0.06B,12.47%,$0.45B,$0.06B,12.47%,$0.45B,$0.06B,12.47%,$0.45B,$0.06B,13.81%,$0.45B,$0.05B,10.02%,$0.05B,$0.45B,10.71%,$0.05B,$0.45B,10.71%,$0.05B,$0.88B,4.98%,$0.06B,$0.51B,10.62%,$189,$148,$41,$0,$13,$160,$29,$0,$29,$7,$22,$25,$25,$29,$29,$81,81,$0.32,$0.32,$198,$0,$0,$207,$0,$0,$0,$670,$675,$882,$306,$60,$57,$129,$435,$0,$-81,$0,$447,$882,$42,$2,$0,$2,$0,$0,$0,$0,$87,$125,$-1,$0,$0,$0,$0,$0,$0,$-1,$0,$-164,$-12,$0,$0,$0,$24,$-151,$22,$0,$0
36,2009-09-30,3.0,$0.00,0.0,$3.85,0.78,$0.13,23.07,$-0.26,0.0,$0.32B,$0.37B,0.86,$0.09B,$0.42B,0.22,$0.32B,$-0.03B,-9.03%,$0.32B,$-0.06B,-18.07%,$0.32B,$-0.06B,-18.07%,$0.32B,$-0.06B,-18.07%,$0.32B,$-0.05B,-16.51%,$0.32B,$-0.06B,-18.07%,$-0.06B,$0.42B,-14.21%,$-0.06B,$0.42B,-14.21%,$-0.06B,$0.91B,-6.32%,$-0.06B,$0.52B,-10.53%,$128,$102,$26,$0,$9,$111,$17,$4,$21,$6,$15,$15,$15,$17,$17,$76,80,$0.20,$0.19,$304,$0,$0,$315,$0,$0,$0,$591,$594,$910,$366,$92,$21,$120,$486,$0,$-91,$0,$424,$910,$17,$2,$0,$2,$0,$0,$0,$0,$118,$146,$-0,$0,$0,$0,$0,$0,$-0,$-0,$0,$-75,$34,$0,$0,$0,$-22,$-63,$82,$0,$0
37,2009-06-30,4.19,$0.00,0.0,$3.32,1.26,$-1.68,0.0,$-0.35,0.0,$0.25B,$0.34B,0.73,$0.12B,$0.41B,0.29,$0.28B,$-0.04B,-13.41%,$0.28B,$-0.07B,-25.36%,$0.28B,$-0.07B,-25.36%,$0.28B,$-0.07B,-25.36%,$0.28B,$-0.06B,-22.83%,$0.28B,$-0.07B,-23.55%,$-0.07B,$0.41B,-15.41%,$-0.07B,$0.41B,-15.41%,$-0.07B,$0.93B,-6.89%,$-0.07B,$0.53B,-11.89%,$92,$76,$15,$0,$7,$84,$8,$1,$9,$6,$4,$4,$4,$8,$8,$76,80,$0.04,$0.04,$237,$0,$0,$252,$0,$0,$0,$561,$566,$925,$344,$119,$48,$174,$518,$0,$-107,$0,$407,$925,$0,$0,$0,$0,$0,$0,$0,$0,$0,$0,$0,$0,$0,$0,$0,$0,$0,$0,$0,$0,$0,$0,$0,$0,$0,$0,$0,$0,$0
38,2009-03-31,2.42,$0.00,0.0,$3.38,0.72,$-1.68,0.0,$-0.23,0.0,$0.19B,$0.26B,0.71,$0.16B,$0.40B,0.39,$0.27B,$-0.03B,-11.40%,$0.27B,$-0.07B,-25.74%,$0.27B,$-0.07B,-25.74%,$0.27B,$-0.07B,-25.74%,$0.27B,$-0.05B,-19.85%,$0.27B,$-0.06B,-20.59%,$-0.06B,$0.40B,-12.84%,$-0.06B,$0.40B,-12.84%,$-0.06B,$0.90B,-5.89%,$-0.07B,$0.56B,-11.43%,$40,$33,$6,$0,$5,$38,$2,$1,$3,$2,$1,$1,$1,$2,$2,$56,56,$0.02,$0.02,$181,$0,$0,$185,$0,$0,$0,$688,$694,$899,$260,$158,$50,$237,$497,$0,$-111,$0,$402,$899,$0,$0,$0,$0,$0,$0,$0,$0,$0,$0,$0,$0,$0,$0,$0,$0,$0,$0,$0,$0,$0,$0,$0,$0,$0,$0,$0,$0,$0
39,2008-12-31,1.58,$0.00,0.0,$3.66,0.43,$-1.68,0.0,$0.01,157.94,$0.22B,$0.28B,0.78,$0.20B,$0.40B,0.5,$0.36B,0,0.00%,$0.36B,$-0.05B,-12.89%,$0.36B,$-0.05B,-12.89%,$0.36B,$-0.05B,-12.89%,$0.36B,$-0.01B,-3.64%,$0.36B,$-0.02B,-6.72%,$-0.02B,$0.40B,-5.39%,$-0.02B,$0.40B,-5.39%,$-0.02B,$0.94B,-2.55%,$-0.05B,$0.60B,-7.18%,$61,$137,$-76,$0,$9,$146,$-85,$-0,$-86,$-8,$-78,$-78,$-78,$-85,$-85,$151,151,$-0.51,$-0.51,$194,$0,$0,$219,$0,$0,$0,$710,$717,$936,$282,$201,$47,$254,$536,$0,$-135,$0,$400,$936,$-24,$2,$0,$2,$0,$0,$0,$0,$-257,$-244,$-9,$0,$0,$0,$0,$0,$0,$-9,$0,$-9,$82,$0,$0,$0,$-6,$67,$-174,$0,$0
40,2008-09-30,2.23,$0.00,0.0,$4.04,0.55,$-1.51,0.0,$-1.01,0.0,$0.20B,$0.18B,1.1,$0.19B,$0.48B,0.4,$0.39B,$0.17B,43.15%,$0.39B,$0.13B,33.59%,$0.39B,$0.13B,33.59%,$0.39B,$0.13B,33.59%,$0.39B,$0.16B,42.38%,$0.39B,$0.06B,15.76%,$0.06B,$0.48B,13.77%,$0.06B,$0.48B,13.77%,$0.06B,$1.01B,6.70%,$0.13B,$0.67B,20.14%,$83,$65,$18,$0,$14,$78,$5,$6,$11,$4,$8,$8,$8,$5,$5,$78,78,$0.10,$0.10,$184,$0,$0,$196,$0,$0,$0,$818,$818,$1014,$178,$190,$162,$359,$536,$0,$-58,$0,$478,$1014,$0,$0,$0,$0,$0,$0,$0,$0,$0,$0,$0,$0,$0,$0,$0,$0,$0,$0,$0,$0,$0,$0,$0,$0,$0,$0,$0,$0,$0
