,Date,Stock Price,Book Value per Share,Price to Book Ratio,TTM Sales per Share,Price to Sales Ratio,TTM FCF per Share,Price to FCF Ratio,TTM Net EPS,PE Ratio,Current Assets,Current Liabilities,Current Ratio,Long Term Debt,Shareholder's Equity_x,Debt to Equity Ratio,TTM Revenue_x,TTM Gross Profit,Gross Margin,TTM Revenue_y,TTM Operating Income,Operating Margin,TTM Revenue_x,TTM EBIT,EBIT Margin,TTM Revenue_y,TTM EBITDA,EBITDA Margin,TTM Revenue_x,TTM Pre-Tax Income,Pre-Tax Margin,TTM Revenue_y,TTM Net Income_x,Net Margin,TTM Net Income_y,Shareholder's Equity_y,Return on Equity,TTM Net Income_x,Tangible Equity,Return on Tangible Equity,TTM Net Income_y,Total Assets,Return on Assets,TTM Net Income,LT Investments & Debt,Return on Investment,revenue,cost-goods-sold,gross-profit,research-development-expenses,selling-general-administrative-expenses,operating-expenses,operating-income,total-non-operating-income-expense,pre-tax-income,total-provision-income-taxes,income-after-taxes,income-from-continuous-operations,net-income,ebitda,ebit,basic-shares-outstanding,shares-outstanding,eps-basic-net-earnings-per-share,eps-earnings-per-share-diluted,cash-on-hand,inventory,other-current-assets,total-current-assets,net-property-plant-equipment,long-term-investments,goodwill-intangible-assets-total,other-long-term-assets,total-long-term-assets,total-assets,total-current-liabilities,long-term-debt,other-non-current-liabilities,total-long-term-liabilities,total-liabilities,common-stock-net,retained-earnings-accumulated-deficit,comprehensive-income,total-share-holder-equity,total-liabilities-share-holders-equity,net-income-loss,total-depreciation-amortization-cash-flow,other-non-cash-items,total-non-cash-items,change-in-accounts-receivable,change-in-inventories,change-in-accounts-payable,change-in-assets-liabilities,total-change-in-assets-liabilities,cash-flow-from-operating-activities,net-change-in-property-plant-equipment,net-change-in-intangible-assets,net-acquisitions-divestitures,net-change-in-short-term-investments,net-change-in-long-term-investments,net-change-in-investments-total,investing-activities-other,cash-flow-from-investing-activities,net-long-term-debt,net-current-debt,debt-issuance-retirement-net-total,net-common-equity-issued-repurchased,net-total-equity-issued-repurchased,total-common-preferred-stock-dividends-paid,financial-activities-other,cash-flow-from-financial-activities,net-cash-flow,stock-based-compensation,common-stock-dividends-paid
0,2018-09-30,80.17,$9.66,8.3,$10.67,7.52,$7.45,10.76,$2.27,35.32,$3.97B,$0.93B,4.26,$1.20B,$2.45B,0.49,$2.74B,$1.92B,70.14%,$2.74B,$0.83B,30.41%,$2.74B,$0.83B,30.41%,$2.74B,$0.95B,34.54%,$2.74B,$0.84B,30.56%,$2.74B,$0.59B,21.43%,$0.59B,$2.45B,24.74%,$0.59B,$2.02B,27.42%,$0.59B,$5.15B,11.52%,$0.83B,$3.65B,22.45%,$746,$232,$515,$183,$98,$514,$233,$6,$239,$23,$216,$216,$216,$257,$233,$253,256,$0.85,$0.84,$3281,$244,$0,$3965,$313,$92,$427,$351,$1182,$5148,$932,$1202,$569,$1771,$2703,$3,$1576,$-41,$2445,$5148,$406,$47,$77,$124,$9,$-7,$5,$-23,$-41,$489,$-41,$0,$-224,$-39,$0,$-39,$-25,$-328,$0,$0,$0,$-142,$-142,$-182,$-42,$-366,$-205,$71,$-182
1,2018-06-30,64.94,$9.17,7.08,$10.18,6.38,$7.13,9.1,$2.08,31.22,$4.13B,$0.94B,4.38,$1.21B,$2.32B,0.52,$2.62B,$1.85B,70.53%,$2.62B,$0.79B,30.23%,$2.62B,$0.79B,30.23%,$2.62B,$0.90B,34.24%,$2.62B,$0.79B,30.23%,$2.62B,$0.55B,20.80%,$0.55B,$2.32B,22.88%,$0.55B,$2.15B,24.59%,$0.55B,$5.06B,10.76%,$0.79B,$3.53B,20.54%,$684,$207,$477,$171,$91,$469,$216,$-3,$213,$23,$190,$190,$190,$238,$216,$253,256,$0.75,$0.74,$3364,$247,$0,$4126,$312,$92,$166,$360,$930,$5055,$943,$1207,$587,$1794,$2737,$3,$1457,$-36,$2319,$5055,$190,$23,$28,$51,$-75,$-11,$9,$-6,$-65,$176,$-26,$0,$0,$-404,$0,$-404,$-14,$-444,$0,$0,$0,$-137,$-137,$-91,$-6,$-234,$-502,$36,$-91
2,2018-03-31,71.53,$9.32,7.68,$9.77,7.32,$7.23,9.89,$1.97,36.31,$4.16B,$0.91B,4.56,$1.21B,$2.36B,0.52,$2.54B,$1.78B,70.22%,$2.54B,$0.75B,29.34%,$2.54B,$0.75B,29.34%,$2.54B,$0.85B,33.28%,$2.54B,$0.75B,29.54%,$2.54B,$0.51B,20.17%,$0.51B,$2.36B,21.01%,$0.51B,$2.19B,22.54%,$0.51B,$5.06B,10.09%,$0.75B,$3.58B,18.43%,$678,$198,$480,$162,$89,$483,$194,$-4,$190,$21,$169,$169,$169,$244,$194,$250,258,$0.67,$0.68,$3448,$236,$0,$4155,$304,$98,$167,$337,$906,$5061,$912,$1214,$574,$1788,$2700,$3,$1514,$-35,$2360,$5061,$512,$99,$-191,$-92,$-128,$-9,$-17,$-61,$400,$820,$-50,$0,$0,$1024,$0,$1024,$-26,$948,$287,$0,$287,$-427,$-427,$-353,$-63,$-556,$1213,$154,$-353
3,2017-12-31,66.42,$9.28,7.16,$9.41,7.06,$7.45,8.91,$1.90,34.96,$4.20B,$0.46B,9.08,$1.73B,$2.37B,0.73,$2.47B,$1.73B,69.92%,$2.47B,$0.72B,29.31%,$2.47B,$0.72B,29.31%,$2.47B,$0.79B,32.11%,$2.47B,$0.73B,29.60%,$2.47B,$0.50B,20.08%,$0.50B,$2.37B,20.05%,$0.50B,$2.20B,21.48%,$0.50B,$5.12B,9.93%,$0.72B,$4.10B,17.99%,$631,$182,$449,$166,$93,$441,$190,$5,$195,$183,$12,$12,$12,$207,$190,$254,258,$0.05,$0.05,$3542,$227,$0,$4198,$304,$102,$167,$348,$922,$5120,$462,$1730,$562,$2293,$2755,$3,$1528,$-22,$2365,$5120,$347,$49,$-255,$-206,$-109,$0,$-19,$-58,$437,$578,$-29,$0,$0,$-272,$0,$-272,$-18,$-319,$287,$0,$287,$-291,$-291,$-264,$-46,$-314,$-55,$105,$-264
4,2017-09-30,69.44,$9.91,7.01,$9.13,7.61,$7.45,9.32,$2.37,29.3,$4.17B,$0.42B,9.86,$1.74B,$2.49B,0.7,$2.43B,$1.69B,69.48%,$2.43B,$0.70B,28.74%,$2.43B,$0.70B,28.74%,$2.43B,$0.77B,31.67%,$2.43B,$0.70B,28.82%,$2.43B,$0.63B,25.81%,$0.63B,$2.49B,25.01%,$0.63B,$2.32B,26.77%,$0.63B,$5.03B,12.71%,$0.70B,$4.23B,18.01%,$627,$186,$442,$158,$91,$435,$192,$2,$194,$20,$174,$174,$174,$208,$192,$248,258,$0.70,$0.67,$3560,$215,$0,$4172,$304,$100,$164,$291,$859,$5031,$423,$1739,$24,$2122,$2545,$2,$1676,$-16,$2486,$5031,$331,$32,$107,$139,$-42,$12,$-21,$-31,$-77,$393,$-22,$0,$0,$-110,$0,$-110,$-8,$-141,$287,$0,$287,$-218,$-218,$-174,$-43,$-149,$103,$68,$-174
5,2017-06-30,62.71,$10.21,6.14,$8.84,7.09,$7.83,8.01,$2.33,26.91,$4.23B,$0.44B,9.61,$1.74B,$2.54B,0.68,$2.38B,$1.65B,69.25%,$2.38B,$0.68B,28.69%,$2.38B,$0.68B,28.69%,$2.38B,$0.76B,31.76%,$2.38B,$0.68B,28.65%,$2.38B,$0.62B,25.92%,$0.62B,$2.54B,24.27%,$0.62B,$2.37B,25.97%,$0.62B,$5.09B,12.57%,$0.68B,$4.28B,18.34%,$603,$191,$412,$153,$89,$434,$169,$2,$171,$14,$157,$157,$157,$186,$169,$248,266,$0.63,$0.59,$3648,$215,$0,$4228,$303,$107,$164,$285,$859,$5087,$440,$1737,$25,$2109,$2549,$2,$1744,$-17,$2538,$5087,$157,$17,$56,$73,$-24,$12,$-3,$-14,$-39,$191,$-10,$0,$0,$-219,$0,$-219,$-3,$-232,$288,$0,$288,$-65,$-65,$-87,$-2,$134,$93,$32,$-87
6,2017-03-31,56.14,$10.11,5.55,$8.73,6.43,$8.34,6.73,$2.31,24.3,$3.88B,$0.90B,4.33,$1.00B,$2.51B,0.4,$2.35B,$1.64B,69.86%,$2.35B,$0.70B,29.76%,$2.35B,$0.70B,29.76%,$2.35B,$0.77B,32.95%,$2.35B,$0.69B,29.46%,$2.35B,$0.62B,26.48%,$0.62B,$2.51B,24.38%,$0.62B,$2.34B,26.08%,$0.62B,$4.74B,12.79%,$0.70B,$3.50B,19.72%,$609,$186,$424,$164,$85,$436,$173,$-2,$171,$18,$153,$153,$153,$192,$173,$252,269,$0.61,$0.58,$3321,$227,$0,$3880,$304,$116,$165,$275,$860,$4741,$897,$995,$23,$1336,$2233,$2,$1726,$-25,$2508,$4741,$623,$74,$189,$263,$64,$-48,$11,$-19,$49,$934,$-72,$0,$0,$587,$0,$587,$-21,$494,$-142,$0,$-142,$-454,$-454,$-333,$-37,$-965,$463,$123,$-333
7,2016-12-31,58.21,$9.96,5.84,$8.59,6.78,$7.79,7.48,$2.28,25.53,$3.92B,$1.01B,3.88,$1.00B,$2.48B,0.4,$2.31B,$1.61B,69.75%,$2.31B,$0.70B,30.46%,$2.31B,$0.70B,30.46%,$2.31B,$0.78B,33.75%,$2.31B,$0.69B,29.90%,$2.31B,$0.61B,26.57%,$0.61B,$2.48B,23.88%,$0.61B,$2.31B,25.53%,$0.61B,$4.84B,12.58%,$0.70B,$3.47B,19.74%,$586,$178,$407,$159,$84,$423,$163,$-0,$163,$21,$142,$142,$142,$182,$163,$251,271,$0.57,$0.52,$3254,$206,$0,$3916,$302,$183,$166,$270,$920,$4836,$1010,$995,$28,$1347,$2357,$2,$1729,$-30,$2480,$4836,$469,$56,$164,$219,$-33,$-27,$15,$-18,$-61,$628,$-52,$0,$0,$435,$0,$435,$-21,$363,$0,$0,$0,$-373,$-373,$-251,$-31,$-655,$336,$90,$-251
8,2016-09-30,52.05,$10.40,5.01,$8.53,6.1,$7.89,6.6,$2.25,23.13,$4.02B,$1.00B,4.03,$0.99B,$2.63B,0.38,$2.29B,$1.59B,69.53%,$2.29B,$0.70B,30.60%,$2.29B,$0.70B,30.60%,$2.29B,$0.78B,34.00%,$2.29B,$0.68B,29.81%,$2.29B,$0.60B,26.32%,$0.60B,$2.63B,23.20%,$0.60B,$2.46B,24.79%,$0.60B,$4.95B,12.31%,$0.70B,$3.62B,19.51%,$579,$176,$403,$142,$83,$402,$177,$-1,$176,$11,$164,$164,$164,$195,$177,$253,270,$0.65,$0.61,$3490,$197,$0,$4019,$292,$199,$167,$268,$927,$4946,$998,$994,$33,$1323,$2321,$3,$1854,$-5,$2625,$4946,$327,$37,$91,$128,$80,$-18,$2,$-3,$67,$522,$-32,$0,$0,$70,$0,$70,$-16,$23,$0,$0,$0,$-162,$-162,$-167,$-28,$-358,$187,$59,$-167
9,2016-06-30,43.91,$10.22,4.3,$8.37,5.25,$7.25,6.05,$2.12,20.71,$4.02B,$1.05B,3.83,$0.99B,$2.59B,0.38,$2.24B,$1.56B,69.64%,$2.24B,$0.68B,30.22%,$2.24B,$0.68B,30.22%,$2.24B,$0.76B,33.79%,$2.24B,$0.65B,29.06%,$2.24B,$0.57B,25.27%,$0.57B,$2.59B,21.83%,$0.57B,$2.43B,23.32%,$0.57B,$4.93B,11.59%,$0.68B,$3.58B,18.87%,$575,$168,$407,$136,$83,$389,$186,$-5,$182,$19,$163,$163,$163,$205,$186,$253,266,$0.64,$0.61,$3518,$195,$0,$4022,$292,$209,$164,$239,$905,$4926,$1051,$994,$28,$1285,$2337,$3,$1864,$-3,$2590,$4926,$163,$18,$28,$46,$90,$-17,$12,$19,$130,$339,$-21,$0,$0,$-63,$0,$-63,$-4,$-88,$0,$0,$0,$-88,$-88,$-84,$-1,$-172,$79,$29,$-84
10,2016-03-31,44.81,$10.21,4.39,$8.24,5.44,$6.72,6.67,$2.06,21.75,$3.92B,$0.94B,4.15,$0.99B,$2.59B,0.38,$2.21B,$1.54B,69.65%,$2.21B,$0.67B,30.22%,$2.21B,$0.67B,30.22%,$2.21B,$0.75B,33.92%,$2.21B,$0.64B,28.77%,$2.21B,$0.55B,24.89%,$0.55B,$2.59B,21.17%,$0.55B,$2.42B,22.63%,$0.55B,$4.82B,11.29%,$0.67B,$3.58B,18.60%,$571,$176,$395,$136,$80,$393,$178,$-8,$170,$25,$145,$145,$145,$198,$178,$257,269,$0.57,$0.53,$3338,$179,$0,$3917,$283,$221,$165,$233,$903,$4819,$944,$994,$30,$1285,$2229,$3,$1867,$-7,$2590,$4819,$551,$80,$158,$238,$-61,$52,$21,$-28,$-43,$746,$-34,$0,$0,$-380,$0,$-380,$-10,$-424,$0,$0,$0,$-357,$-357,$-319,$-35,$-711,$-389,$112,$-319
11,2015-12-31,44.08,$10.13,4.35,$8.16,5.4,$6.90,6.39,$2.02,21.82,$4.01B,$0.93B,4.3,$1.00B,$2.59B,0.38,$2.21B,$1.54B,69.86%,$2.21B,$0.65B,29.41%,$2.21B,$0.65B,29.41%,$2.21B,$0.73B,33.17%,$2.21B,$0.63B,28.33%,$2.21B,$0.54B,24.48%,$0.54B,$2.59B,20.74%,$0.54B,$2.42B,22.19%,$0.54B,$4.90B,11.04%,$0.65B,$3.59B,18.04%,$566,$179,$388,$141,$84,$406,$160,$-5,$155,$24,$131,$131,$131,$181,$160,$256,270,$0.51,$0.49,$3397,$196,$0,$4008,$280,$225,$167,$218,$890,$4898,$933,$996,$32,$1376,$2308,$3,$1898,$-21,$2590,$4898,$406,$61,$133,$194,$43,$35,$-6,$-22,$19,$619,$-19,$0,$0,$-71,$0,$-71,$-6,$-95,$0,$0,$0,$-278,$-278,$-240,$0,$-518,$6,$84,$-240
12,2015-09-30,39.51,$10.13,3.9,$8.23,4.8,$6.87,5.75,$2.15,18.37,$3.98B,$0.95B,4.19,$1.00B,$2.60B,0.38,$2.24B,$1.57B,70.15%,$2.24B,$0.68B,30.38%,$2.24B,$0.68B,30.38%,$2.24B,$0.76B,34.14%,$2.24B,$0.66B,29.36%,$2.24B,$0.58B,25.83%,$0.58B,$2.60B,21.99%,$0.58B,$2.44B,23.54%,$0.58B,$4.89B,11.78%,$0.68B,$3.60B,18.77%,$528,$158,$370,$130,$85,$374,$153,$-9,$144,$17,$127,$127,$127,$173,$153,$258,266,$0.49,$0.48,$3296,$213,$0,$3981,$287,$236,$169,$217,$909,$4890,$950,$995,$33,$1337,$2287,$3,$1932,$-15,$2603,$4890,$275,$40,$54,$94,$-36,$18,$-5,$3,$-42,$327,$-13,$0,$0,$-101,$0,$-101,$0,$-114,$15,$0,$15,$-200,$-200,$-160,$0,$-346,$-132,$53,$-160
13,2015-06-30,40.87,$10.15,4.02,$8.44,4.84,$6.83,5.98,$2.29,17.85,$3.98B,$0.96B,4.16,$1.00B,$2.63B,0.38,$2.31B,$1.64B,70.66%,$2.31B,$0.73B,31.42%,$2.31B,$0.73B,31.42%,$2.31B,$0.81B,35.13%,$2.31B,$0.71B,30.55%,$2.31B,$0.62B,26.92%,$0.62B,$2.63B,23.45%,$0.62B,$2.46B,25.12%,$0.62B,$4.92B,12.62%,$0.73B,$3.62B,19.91%,$549,$160,$389,$127,$82,$371,$178,$-11,$168,$20,$148,$148,$148,$199,$178,$258,271,$0.57,$0.55,$3332,$222,$0,$3980,$294,$248,$170,$223,$936,$4916,$957,$995,$36,$1332,$2289,$3,$1959,$-13,$2627,$4916,$148,$21,$28,$49,$-5,$9,$2,$-14,$-9,$187,$-8,$0,$0,$-244,$0,$-244,$0,$-251,$0,$0,$0,$-82,$-82,$-80,$0,$-162,$-226,$26,$-80
14,2015-03-31,38.87,$10.11,3.85,$8.59,4.53,$6.60,5.89,$2.36,16.47,$3.94B,$0.96B,4.09,$1.00B,$2.61B,0.38,$2.38B,$1.67B,70.19%,$2.38B,$0.76B,31.79%,$2.38B,$0.76B,31.79%,$2.38B,$0.84B,35.41%,$2.38B,$0.74B,31.08%,$2.38B,$0.65B,27.29%,$0.65B,$2.61B,24.05%,$0.65B,$2.44B,25.77%,$0.65B,$4.90B,13.06%,$0.76B,$3.61B,20.47%,$567,$170,$397,$132,$79,$408,$159,$1,$159,$25,$135,$135,$135,$180,$159,$265,276,$0.51,$0.49,$3303,$231,$0,$3935,$301,$267,$172,$223,$963,$4898,$963,$995,$39,$1323,$2286,$3,$1966,$-11,$2612,$4898,$648,$87,$106,$193,$21,$3,$-70,$-3,$-31,$810,$-30,$0,$0,$13,$0,$13,$29,$13,$0,$0,$0,$-560,$-560,$-306,$-38,$-905,$-81,$100,$-306
15,2014-12-31,39.49,$10.23,3.86,$8.68,4.55,$6.42,6.15,$2.39,16.52,$3.52B,$0.91B,3.85,$1.00B,$2.67B,0.37,$2.43B,$1.69B,69.58%,$2.43B,$0.79B,32.40%,$2.43B,$0.79B,32.40%,$2.43B,$0.88B,36.02%,$2.43B,$0.76B,31.12%,$2.43B,$0.67B,27.58%,$0.67B,$2.67B,24.50%,$0.67B,$2.49B,26.27%,$0.67B,$4.92B,13.38%,$0.79B,$3.67B,21.11%,$594,$180,$414,$133,$88,$404,$190,$-4,$186,$18,$168,$168,$168,$212,$190,$263,274,$0.64,$0.62,$2921,$247,$0,$3515,$338,$654,$181,$227,$1400,$4915,$913,$995,$41,$1329,$2242,$3,$1989,$-8,$2673,$4915,$514,$65,$77,$143,$80,$-12,$-91,$-16,$-32,$625,$-24,$0,$0,$534,$0,$534,$-7,$503,$0,$0,$0,$-457,$-457,$-231,$17,$-671,$457,$80,$-231
16,2014-09-30,38.38,$10.26,3.74,$8.55,4.49,$6.25,6.14,$2.38,16.13,$3.30B,$0.97B,3.4,$0.99B,$2.71B,0.37,$2.42B,$1.68B,69.45%,$2.42B,$0.80B,33.03%,$2.42B,$0.80B,33.03%,$2.42B,$0.89B,36.66%,$2.42B,$0.77B,31.71%,$2.42B,$0.68B,27.99%,$0.68B,$2.71B,24.24%,$0.68B,$2.53B,25.98%,$0.68B,$5.02B,13.49%,$0.80B,$3.71B,22.59%,$604,$170,$435,$138,$94,$404,$200,$-6,$194,$23,$172,$172,$172,$222,$200,$266,276,$0.64,$0.62,$2596,$263,$0,$3304,$345,$951,$183,$234,$1713,$5017,$971,$994,$43,$1333,$2303,$3,$1977,$-2,$2714,$5017,$345,$44,$61,$105,$-23,$-28,$-44,$-10,$-116,$334,$-18,$0,$0,$-134,$0,$-134,$-5,$-157,$0,$0,$0,$-295,$-295,$-154,$14,$-436,$-259,$51,$-154
17,2014-06-30,42.58,$10.42,4.09,$8.42,5.06,$6.41,6.64,$2.25,18.92,$3.17B,$0.93B,3.39,$0.99B,$2.80B,0.36,$2.42B,$1.66B,68.80%,$2.42B,$0.76B,31.61%,$2.42B,$0.76B,31.61%,$2.42B,$0.85B,35.29%,$2.42B,$0.73B,30.08%,$2.42B,$0.65B,26.77%,$0.65B,$2.80B,22.81%,$0.65B,$2.61B,24.44%,$0.65B,$5.05B,12.88%,$0.76B,$3.79B,22.92%,$613,$189,$423,$122,$93,$406,$207,$-6,$200,$27,$174,$174,$174,$228,$207,$268,282,$0.65,$0.62,$2485,$257,$0,$3169,$351,$1110,$186,$239,$1886,$5054,$934,$994,$45,$1323,$2257,$3,$2000,$7,$2797,$5054,$174,$22,$25,$46,$-14,$-23,$-50,$4,$-90,$130,$-9,$0,$0,$-304,$0,$-304,$-4,$-317,$0,$0,$0,$-87,$-87,$-77,$3,$-162,$-349,$22,$-77
18,2014-03-31,48.54,$10.25,4.74,$8.31,5.84,$6.45,7.52,$2.19,22.17,$3.07B,$0.99B,3.1,$0.99B,$2.75B,0.36,$2.38B,$1.64B,68.78%,$2.38B,$0.75B,31.47%,$2.38B,$0.75B,31.47%,$2.38B,$0.84B,35.29%,$2.38B,$0.71B,29.79%,$2.38B,$0.63B,26.44%,$0.63B,$2.75B,22.35%,$0.63B,$2.57B,23.97%,$0.63B,$5.04B,12.73%,$0.75B,$3.75B,24.45%,$618,$200,$418,$128,$98,$428,$190,$-14,$176,$20,$156,$156,$156,$213,$190,$266,287,$0.59,$0.53,$2457,$234,$0,$3067,$355,$1191,$188,$236,$1970,$5037,$989,$994,$48,$1295,$2285,$3,$1945,$-1,$2753,$5037,$630,$92,$126,$218,$-39,$-32,$77,$-24,$-43,$805,$-45,$0,$0,$57,$0,$57,$16,$29,$-244,$0,$-244,$-3,$-3,$-267,$31,$-483,$350,$94,$-267
19,2013-12-31,40.85,$10.95,3.73,$8.11,5.03,$6.11,6.69,$2.13,19.18,$2.95B,$1.43B,2.06,$0.00B,$2.92B,0.0,$2.30B,$1.57B,68.48%,$2.30B,$0.71B,30.78%,$2.30B,$0.71B,30.78%,$2.30B,$0.80B,34.70%,$2.30B,$0.67B,29.26%,$2.30B,$0.61B,26.34%,$0.61B,$2.92B,21.07%,$0.61B,$2.73B,22.59%,$0.61B,$5.00B,12.42%,$0.71B,$2.92B,22.79%,$587,$181,$406,$128,$92,$384,$203,$-5,$198,$22,$176,$176,$176,$225,$203,$268,288,$0.66,$0.61,$2457,$207,$0,$2948,$355,$1287,$191,$221,$2054,$5002,$1432,$0,$368,$648,$2080,$3,$1889,$-8,$2922,$5002,$474,$69,$117,$186,$22,$-5,$17,$-29,$-44,$616,$-31,$0,$0,$-394,$0,$-394,$27,$-397,$0,$0,$0,$-30,$-30,$-200,$20,$-210,$8,$68,$-200
20,2013-09-30,41.45,$10.71,3.87,$7.96,5.21,$5.77,7.18,$1.90,21.81,$2.80B,$1.48B,1.89,$0.00B,$2.87B,0.0,$2.22B,$1.51B,67.84%,$2.22B,$0.63B,28.15%,$2.22B,$0.63B,28.15%,$2.22B,$0.72B,32.21%,$2.22B,$0.59B,26.58%,$2.22B,$0.53B,24.01%,$0.53B,$2.87B,18.74%,$0.53B,$2.68B,20.11%,$0.53B,$5.00B,11.16%,$0.63B,$2.87B,18.91%,$599,$183,$416,$125,$96,$435,$164,$-11,$153,$11,$141,$141,$141,$187,$164,$268,291,$0.53,$0.49,$2264,$184,$0,$2801,$357,$1437,$190,$214,$2199,$5000,$1482,$0,$376,$646,$2128,$3,$1814,$-5,$2872,$5000,$298,$46,$68,$114,$-48,$18,$16,$2,$-13,$399,$-20,$0,$0,$-411,$0,$-411,$37,$-394,$0,$0,$0,$56,$56,$-133,$19,$-58,$-53,$44,$-133
21,2013-06-30,34.85,$10.24,3.4,$7.91,4.41,$5.74,6.07,$1.87,18.64,$2.36B,$1.40B,1.68,$0.00B,$2.73B,0.0,$2.17B,$1.45B,66.79%,$2.17B,$0.61B,28.13%,$2.17B,$0.61B,28.13%,$2.17B,$0.70B,32.24%,$2.17B,$0.58B,26.56%,$2.17B,$0.52B,23.79%,$0.52B,$2.73B,18.30%,$0.52B,$2.53B,19.67%,$0.52B,$4.76B,11.04%,$0.61B,$2.73B,17.38%,$579,$180,$399,$112,$92,$386,$193,$-10,$183,$26,$157,$157,$157,$216,$193,$264,280,$0.59,$0.56,$1842,$187,$0,$2355,$363,$1634,$193,$217,$2406,$4761,$1402,$0,$403,$631,$2034,$3,$1767,$-10,$2727,$4761,$157,$23,$42,$65,$-39,$14,$-4,$-1,$-77,$144,$-11,$0,$0,$-252,$0,$-252,$37,$-226,$0,$0,$0,$32,$32,$-66,$2,$-32,$-114,$21,$-66
22,2013-03-31,33.37,$11.24,2.97,$7.97,4.18,$5.83,5.72,$1.78,18.74,$2.30B,$0.39B,5.94,$0.92B,$2.96B,0.31,$2.17B,$1.43B,65.98%,$2.17B,$0.58B,26.79%,$2.17B,$0.58B,26.79%,$2.17B,$0.67B,30.84%,$2.17B,$0.55B,25.22%,$2.17B,$0.49B,22.50%,$0.49B,$2.96B,17.37%,$0.49B,$2.77B,18.66%,$0.49B,$4.73B,10.62%,$0.58B,$3.89B,15.59%,$532,$181,$352,$111,$91,$385,$147,$-9,$138,$8,$131,$131,$131,$169,$147,$262,273,$0.50,$0.48,$1715,$201,$0,$2298,$366,$1651,$195,$220,$2432,$4729,$387,$923,$41,$1379,$1766,$3,$1676,$9,$2963,$4729,$488,$89,$24,$113,$-14,$4,$-6,$-23,$56,$657,$-30,$0,$0,$-396,$0,$-396,$-85,$-512,$0,$0,$0,$-90,$-90,$-230,$10,$-310,$-165,$78,$-230
23,2012-12-31,31.16,$10.77,2.89,$8.07,3.86,$6.31,4.94,$1.80,17.31,$2.26B,$0.34B,6.75,$0.92B,$2.82B,0.33,$2.20B,$1.45B,66.03%,$2.20B,$0.58B,26.50%,$2.20B,$0.58B,26.50%,$2.20B,$0.67B,30.51%,$2.20B,$0.55B,25.00%,$2.20B,$0.48B,21.81%,$0.48B,$2.82B,17.45%,$0.48B,$2.62B,18.76%,$0.48B,$4.61B,10.57%,$0.58B,$3.74B,15.91%,$510,$170,$339,$129,$87,$389,$121,$-5,$116,$12,$104,$104,$104,$143,$121,$261,271,$0.40,$0.38,$1687,$226,$0,$2264,$373,$1560,$198,$218,$2349,$4613,$336,$919,$35,$1461,$1797,$3,$1603,$15,$2816,$4613,$357,$67,$97,$164,$-17,$-21,$20,$-18,$-38,$483,$-24,$0,$0,$-280,$0,$-280,$-32,$-336,$0,$0,$0,$-146,$-146,$-173,$6,$-312,$-166,$57,$-173
24,2012-09-30,28.84,$10.55,2.73,$8.10,3.56,$6.74,4.28,$1.89,15.26,$2.25B,$0.34B,6.57,$0.92B,$2.75B,0.33,$2.20B,$1.45B,65.86%,$2.20B,$0.60B,27.22%,$2.20B,$0.60B,27.22%,$2.20B,$0.69B,31.22%,$2.20B,$0.56B,25.63%,$2.20B,$0.50B,22.85%,$0.50B,$2.75B,18.72%,$0.50B,$2.55B,20.15%,$0.50B,$4.55B,11.25%,$0.60B,$3.67B,16.66%,$544,$188,$356,$114,$92,$396,$148,$-10,$138,$15,$123,$123,$123,$170,$148,$261,270,$0.47,$0.46,$1706,$204,$0,$2250,$382,$1497,$200,$219,$2299,$4549,$343,$915,$39,$1454,$1797,$3,$1564,$19,$2752,$4549,$253,$45,$67,$112,$-7,$1,$18,$-15,$-5,$360,$-16,$0,$0,$-255,$0,$-255,$-28,$-298,$0,$0,$0,$-145,$-145,$-115,$5,$-256,$-194,$37,$-115
25,2012-06-30,28.79,$10.31,2.79,$8.16,3.53,$6.98,4.12,$1.90,15.15,$2.30B,$0.36B,6.39,$0.91B,$2.70B,0.34,$2.21B,$1.45B,65.49%,$2.21B,$0.61B,27.40%,$2.21B,$0.61B,27.40%,$2.21B,$0.69B,31.34%,$2.21B,$0.57B,25.86%,$2.21B,$0.51B,22.87%,$0.51B,$2.70B,19.30%,$0.51B,$2.52B,20.79%,$0.51B,$4.49B,11.50%,$0.61B,$3.62B,17.18%,$583,$198,$384,$121,$96,$418,$165,$-10,$155,$25,$130,$130,$130,$187,$165,$263,274,$0.49,$0.47,$1743,$193,$0,$2302,$389,$1400,$184,$219,$2191,$4493,$360,$911,$40,$1429,$1789,$3,$1546,$5,$2704,$4493,$130,$23,$37,$60,$-43,$11,$23,$-7,$-27,$163,$-8,$0,$0,$-274,$0,$-274,$-4,$-286,$0,$0,$0,$-82,$-82,$-58,$1,$-140,$-263,$18,$-58
26,2012-03-31,31.07,$10.27,3.03,$8.26,3.76,$7.23,4.3,$1.99,15.62,$2.45B,$0.34B,7.15,$0.91B,$2.71B,0.34,$2.24B,$1.45B,64.91%,$2.24B,$0.63B,28.04%,$2.24B,$0.63B,28.04%,$2.24B,$0.72B,31.92%,$2.24B,$0.60B,26.61%,$2.24B,$0.53B,23.62%,$0.53B,$2.71B,20.62%,$0.53B,$2.52B,22.26%,$0.53B,$4.46B,12.16%,$0.63B,$3.61B,18.12%,$559,$188,$371,$115,$91,$411,$148,$-7,$140,$18,$122,$122,$122,$170,$148,$264,272,$0.46,$0.45,$1918,$205,$0,$2450,$395,$1209,$186,$224,$2014,$4464,$343,$907,$44,$1414,$1756,$3,$1502,$7,$2708,$4464,$530,$88,$132,$220,$71,$60,$-21,$-39,$76,$827,$-70,$0,$0,$-852,$0,$-852,$-39,$-961,$0,$0,$0,$-111,$-111,$-200,$12,$-299,$-434,$67,$-200
27,2011-12-31,27.17,$9.78,2.78,$8.40,3.23,$6.90,3.93,$2.09,13.0,$2.35B,$0.38B,6.15,$0.90B,$2.56B,0.35,$2.27B,$1.47B,64.65%,$2.27B,$0.66B,29.13%,$2.27B,$0.66B,29.13%,$2.27B,$0.75B,32.88%,$2.27B,$0.63B,27.55%,$2.27B,$0.57B,24.99%,$0.57B,$2.56B,22.75%,$0.57B,$2.37B,24.55%,$0.57B,$4.35B,13.27%,$0.66B,$3.46B,19.50%,$511,$175,$336,$108,$89,$374,$137,$-7,$130,$3,$127,$127,$127,$159,$137,$261,268,$0.49,$0.47,$1761,$245,$0,$2353,$390,$1191,$188,$224,$1993,$4345,$382,$903,$49,$1402,$1784,$3,$1430,$0,$2561,$4345,$408,$65,$99,$164,$75,$20,$-0,$-38,$47,$618,$-50,$0,$0,$-797,$0,$-797,$-34,$-881,$0,$0,$0,$-156,$-156,$-150,$9,$-298,$-561,$49,$-150
28,2011-09-30,23.12,$9.50,2.43,$8.65,2.67,$6.42,3.6,$2.20,10.51,$2.41B,$0.37B,6.57,$0.90B,$2.49B,0.36,$2.33B,$1.50B,64.69%,$2.33B,$0.71B,30.45%,$2.33B,$0.71B,30.45%,$2.33B,$0.79B,33.94%,$2.33B,$0.68B,29.03%,$2.33B,$0.59B,25.46%,$0.59B,$2.49B,24.72%,$0.59B,$2.30B,26.54%,$0.59B,$4.27B,14.27%,$0.71B,$3.39B,21.53%,$555,$201,$355,$106,$89,$400,$155,$-9,$146,$20,$126,$126,$126,$176,$155,$264,268,$0.48,$0.47,$1808,$248,$0,$2414,$385,$1048,$190,$230,$1854,$4268,$367,$900,$75,$1408,$1775,$3,$1362,$6,$2492,$4268,$281,$43,$29,$72,$70,$17,$-15,$4,$84,$437,$-31,$0,$0,$-773,$0,$-773,$-35,$-839,$0,$0,$0,$-125,$-125,$-101,$8,$-218,$-619,$31,$-101
29,2011-06-30,30.53,$9.43,3.24,$8.93,3.42,$5.33,5.72,$2.38,12.83,$2.62B,$0.43B,6.04,$0.89B,$2.50B,0.36,$2.39B,$1.56B,65.06%,$2.39B,$0.78B,32.47%,$2.39B,$0.78B,32.47%,$2.39B,$0.86B,35.77%,$2.39B,$0.75B,31.30%,$2.39B,$0.64B,26.65%,$0.64B,$2.50B,27.95%,$0.64B,$2.31B,29.88%,$0.64B,$4.33B,15.88%,$0.78B,$3.40B,24.49%,$615,$223,$392,$106,$96,$427,$188,$-8,$180,$26,$154,$154,$154,$210,$188,$265,276,$0.58,$0.56,$1973,$250,$0,$2621,$381,$900,$191,$239,$1710,$4331,$434,$894,$82,$1397,$1831,$3,$1322,$13,$2500,$4331,$154,$21,$28,$50,$42,$14,$-13,$-19,$34,$238,$-14,$0,$0,$-370,$0,$-370,$-30,$-414,$0,$0,$0,$-40,$-40,$-50,$6,$-85,$-261,$14,$-50
30,2011-03-31,27.31,$9.13,2.99,$8.86,3.08,$4.84,5.64,$2.40,11.38,$2.62B,$0.37B,7.12,$0.89B,$2.42B,0.37,$2.37B,$1.55B,65.40%,$2.37B,$0.80B,33.59%,$2.37B,$0.80B,33.59%,$2.37B,$0.87B,36.67%,$2.37B,$0.77B,32.53%,$2.37B,$0.64B,27.09%,$0.64B,$2.42B,30.27%,$0.64B,$2.25B,32.23%,$0.64B,$4.14B,16.91%,$0.80B,$3.31B,26.54%,$588,$204,$384,$103,$93,$407,$181,$-12,$169,$9,$160,$160,$160,$201,$181,$264,268,$0.60,$0.58,$1926,$265,$0,$2623,$381,$766,$160,$211,$1518,$4141,$368,$891,$63,$1358,$1726,$3,$1238,$11,$2415,$4141,$642,$73,$169,$242,$-24,$-134,$3,$14,$-160,$724,$-65,$0,$0,$-526,$0,$-526,$-34,$-625,$588,$0,$588,$-364,$-364,$-169,$38,$92,$191,$60,$-169
31,2010-12-31,24.01,$8.33,2.88,$8.57,2.8,$4.28,5.61,$2.35,10.22,$2.53B,$0.38B,6.75,$0.89B,$2.17B,0.41,$2.31B,$1.51B,65.34%,$2.31B,$0.77B,33.36%,$2.31B,$0.77B,33.36%,$2.31B,$0.84B,36.39%,$2.31B,$0.76B,33.06%,$2.31B,$0.63B,27.30%,$0.63B,$2.17B,30.83%,$0.63B,$2.06B,32.71%,$0.63B,$3.86B,17.74%,$0.77B,$3.06B,27.62%,$567,$194,$373,$98,$87,$384,$184,$-3,$180,$28,$152,$152,$152,$202,$184,$259,264,$0.59,$0.58,$1765,$243,$0,$2531,$377,$660,$118,$173,$1328,$3858,$375,$887,$54,$1310,$1685,$3,$1120,$7,$2174,$3858,$482,$53,$118,$171,$-107,$-112,$51,$3,$-173,$479,$-48,$0,$0,$-389,$0,$-389,$-1,$-439,$588,$0,$588,$-464,$-464,$-127,$33,$29,$70,$45,$-127
32,2010-09-30,21.95,$7.82,2.81,$8.26,2.66,$4.20,5.23,$2.15,10.21,$2.34B,$0.39B,6.0,$0.88B,$2.03B,0.44,$2.26B,$1.47B,64.95%,$2.26B,$0.72B,32.08%,$2.26B,$0.72B,32.08%,$2.26B,$0.79B,35.14%,$2.26B,$0.72B,31.77%,$2.26B,$0.59B,25.96%,$0.59B,$2.03B,29.13%,$0.59B,$1.91B,30.94%,$0.59B,$3.72B,17.37%,$0.72B,$2.91B,27.60%,$620,$213,$406,$97,$87,$397,$223,$-3,$219,$48,$171,$171,$171,$242,$223,$260,263,$0.66,$0.65,$1407,$170,$0,$2344,$374,$705,$118,$175,$1372,$3716,$391,$884,$63,$1298,$1689,$3,$1009,$8,$2027,$3716,$329,$35,$87,$122,$-294,$-40,$35,$10,$-305,$147,$-33,$0,$0,$-387,$0,$-387,$-1,$-422,$588,$0,$588,$-486,$-486,$-85,$2,$18,$-257,$31,$-85
33,2010-06-30,20.69,$7.21,2.87,$7.41,2.79,$4.69,4.41,$1.73,11.96,$2.22B,$0.37B,5.96,$0.85B,$1.87B,0.46,$2.05B,$1.32B,64.18%,$2.05B,$0.58B,28.41%,$2.05B,$0.58B,28.41%,$2.05B,$0.65B,31.63%,$2.05B,$0.58B,28.17%,$2.05B,$0.48B,23.34%,$0.48B,$1.87B,23.99%,$0.48B,$1.75B,25.49%,$0.48B,$3.47B,15.04%,$0.58B,$2.72B,23.56%,$595,$208,$387,$94,$84,$387,$208,$-5,$203,$44,$159,$159,$159,$224,$208,$272,276,$0.58,$0.58,$1544,$152,$0,$2222,$372,$580,$118,$181,$1251,$3473,$373,$850,$61,$1233,$1606,$3,$887,$1,$1867,$3473,$159,$16,$43,$59,$-93,$-21,$26,$-11,$-113,$105,$-18,$0,$0,$-256,$0,$-256,$-1,$-275,$588,$0,$588,$-494,$-494,$-44,$1,$51,$-119,$15,$-44
34,2010-03-31,20.75,$7.75,2.68,$6.61,3.14,$4.89,4.24,$1.29,16.09,$1.91B,$0.36B,5.34,$0.36B,$2.12B,0.17,$1.83B,$1.16B,63.39%,$1.83B,$0.43B,23.57%,$1.83B,$0.43B,23.57%,$1.83B,$0.50B,27.39%,$1.83B,$0.42B,22.97%,$1.83B,$0.36B,19.53%,$0.36B,$2.12B,17.83%,$0.36B,$2.00B,18.94%,$0.36B,$3.18B,11.82%,$0.43B,$2.48B,18.29%,$529,$185,$344,$94,$90,$373,$156,$6,$162,$13,$149,$149,$149,$173,$156,$276,277,$0.54,$0.54,$1387,$131,$0,$1907,$366,$582,$118,$211,$1277,$3184,$357,$355,$58,$707,$1064,$3,$1017,$-1,$2120,$3184,$357,$69,$114,$183,$-46,$-11,$48,$-7,$14,$554,$-28,$0,$0,$-306,$0,$-306,$-2,$-337,$0,$0,$0,$-85,$-85,$-166,$-1,$-252,$-35,$56,$-166
35,2009-12-31,20.26,$7.35,2.76,$6.13,3.3,$4.45,4.55,$1.01,20.06,$1.96B,$0.36B,5.41,$0.35B,$2.03B,0.17,$1.70B,$1.06B,62.57%,$1.70B,$0.35B,20.84%,$1.70B,$0.35B,20.84%,$1.70B,$0.43B,25.01%,$1.70B,$0.35B,20.66%,$1.70B,$0.29B,16.89%,$0.29B,$2.03B,14.60%,$0.29B,$1.92B,15.54%,$0.29B,$3.12B,9.78%,$0.35B,$2.39B,15.27%,$513,$184,$329,$102,$85,$377,$137,$-4,$133,$26,$107,$107,$107,$154,$137,$277,279,$0.39,$0.38,$1490,$129,$0,$1959,$368,$503,$118,$175,$1163,$3122,$362,$354,$124,$726,$1088,$3,$960,$3,$2034,$3122,$209,$53,$87,$140,$-15,$-9,$60,$35,$102,$450,$-18,$0,$0,$-325,$0,$-325,$-3,$-345,$0,$0,$0,$4,$4,$-122,$-16,$-133,$-28,$41,$-122
36,2009-09-30,18.79,$7.10,2.65,$5.96,3.15,$4.17,4.51,$1.14,16.49,$1.94B,$0.29B,6.65,$0.35B,$1.97B,0.18,$1.64B,$1.03B,62.47%,$1.64B,$0.34B,20.50%,$1.64B,$0.34B,20.50%,$1.64B,$0.41B,24.88%,$1.64B,$0.38B,22.81%,$1.64B,$0.30B,18.19%,$0.30B,$1.97B,15.96%,$0.30B,$1.85B,17.04%,$0.30B,$2.96B,10.40%,$0.34B,$2.32B,14.47%,$415,$158,$257,$90,$79,$333,$82,$-2,$80,$16,$64,$64,$64,$98,$82,$276,277,$0.23,$0.23,$1518,$101,$0,$1944,$372,$352,$118,$174,$1016,$2961,$292,$353,$142,$702,$995,$3,$904,$5,$1966,$2961,$102,$36,$44,$80,$-10,$19,$44,$42,$83,$265,$-9,$0,$0,$-213,$0,$-213,$-3,$-225,$0,$0,$0,$16,$16,$-77,$-16,$-78,$-38,$25,$-77
37,2009-06-30,16.31,$6.93,2.36,$6.20,2.63,$4.08,4.0,$1.20,13.6,$1.83B,$0.25B,7.47,$0.35B,$1.91B,0.18,$1.71B,$1.08B,62.81%,$1.71B,$0.38B,22.18%,$1.71B,$0.38B,22.18%,$1.71B,$0.45B,26.50%,$1.71B,$0.40B,23.23%,$1.71B,$0.32B,18.45%,$0.32B,$1.91B,17.83%,$0.32B,$1.79B,19.13%,$0.32B,$2.85B,10.91%,$0.38B,$2.26B,15.91%,$376,$144,$232,$83,$74,$319,$57,$-11,$46,$8,$38,$38,$38,$77,$57,$276,276,$0.14,$0.14,$1425,$101,$0,$1833,$380,$350,$118,$164,$1012,$2845,$245,$352,$139,$688,$933,$3,$879,$-3,$1912,$2845,$38,$19,$40,$59,$20,$19,$20,$-1,$50,$147,$-5,$0,$0,$-317,$0,$-317,$-1,$-322,$0,$0,$0,$0,$0,$-39,$-16,$-55,$-230,$14,$-39
38,2009-03-31,15.17,$7.07,2.14,$6.58,2.31,$4.09,3.71,$1.36,11.15,$1.75B,$0.23B,7.52,$0.35B,$1.95B,0.18,$1.83B,$1.16B,63.34%,$1.83B,$0.43B,23.56%,$1.83B,$0.43B,23.56%,$1.83B,$0.51B,27.67%,$1.83B,$0.46B,25.15%,$1.83B,$0.36B,19.78%,$0.36B,$1.95B,21.28%,$0.36B,$1.83B,22.93%,$0.36B,$2.81B,12.20%,$0.43B,$2.30B,17.38%,$395,$150,$245,$88,$78,$317,$78,$13,$92,$14,$78,$78,$78,$96,$78,$276,277,$0.28,$0.28,$1325,$120,$0,$1752,$388,$348,$120,$203,$1059,$2812,$233,$352,$82,$630,$863,$3,$879,$-19,$1949,$2812,$362,$76,$68,$145,$33,$10,$-11,$-56,$-64,$443,$-39,$0,$0,$314,$0,$314,$-1,$275,$-193,$0,$-193,$-175,$-175,$-155,$5,$-518,$199,$55,$-155
39,2008-12-31,13.99,$6.09,2.3,$6.74,2.07,$4.43,3.16,$1.44,9.71,$1.75B,$0.28B,6.28,$0.76B,$1.67B,0.46,$1.91B,$1.21B,63.64%,$1.91B,$0.47B,24.61%,$1.91B,$0.47B,24.61%,$1.91B,$0.55B,28.80%,$1.91B,$0.48B,25.29%,$1.91B,$0.38B,19.67%,$0.38B,$1.67B,23.04%,$0.38B,$1.55B,24.94%,$0.38B,$2.88B,12.34%,$0.47B,$2.43B,18.27%,$458,$165,$293,$87,$85,$339,$120,$37,$157,$37,$119,$119,$119,$138,$120,$274,274,$0.44,$0.44,$1290,$149,$0,$1754,$395,$389,$121,$222,$1127,$2881,$279,$760,$71,$934,$1213,$3,$866,$-20,$1668,$2881,$284,$58,$93,$152,$36,$-19,$-6,$-49,$-54,$382,$-33,$0,$0,$245,$0,$245,$-0,$212,$-146,$0,$-146,$-195,$-195,$-116,$5,$-453,$141,$41,$-116
40,2008-09-30,18.26,$5.70,3.21,$6.69,2.73,$4.66,3.92,$1.28,14.27,$1.82B,$0.32B,5.71,$1.00B,$1.56B,0.64,$1.92B,$1.22B,63.44%,$1.92B,$0.46B,24.13%,$1.92B,$0.46B,24.13%,$1.92B,$0.54B,28.29%,$1.92B,$0.46B,23.66%,$1.92B,$0.36B,18.72%,$0.36B,$1.56B,21.89%,$0.36B,$1.44B,23.70%,$0.36B,$3.05B,11.53%,$0.46B,$2.56B,17.55%,$484,$177,$306,$90,$88,$359,$125,$-22,$103,$22,$81,$81,$81,$143,$125,$276,278,$0.29,$0.29,$1301,$142,$0,$1823,$397,$472,$123,$234,$1226,$3049,$319,$1000,$75,$1170,$1489,$3,$765,$-13,$1560,$3049,$164,$40,$103,$143,$15,$-12,$23,$-57,$-54,$253,$-22,$0,$0,$-125,$0,$-125,$-0,$-148,$0,$0,$0,$-198,$-198,$-78,$5,$-271,$-166,$28,$-78
41,2008-06-30,19.55,$5.82,3.36,$6.42,3.04,$4.63,4.23,$1.29,15.16,$1.73B,$0.34B,5.13,$1.00B,$1.61B,0.62,$1.88B,$1.19B,63.11%,$1.88B,$0.43B,22.98%,$1.88B,$0.43B,22.98%,$1.88B,$0.51B,27.28%,$1.88B,$0.47B,24.73%,$1.88B,$0.37B,19.59%,$0.37B,$1.61B,21.52%,$0.37B,$1.49B,23.24%,$0.37B,$3.09B,11.61%,$0.43B,$2.61B,15.95%,$488,$177,$312,$91,$93,$381,$107,$-0,$107,$24,$83,$83,$83,$128,$107,$278,281,$0.30,$0.30,$1239,$140,$0,$1732,$399,$607,$124,$228,$1359,$3091,$337,$1000,$44,$1144,$1481,$3,$781,$3,$1610,$3091,$83,$21,$43,$64,$44,$-10,$4,$-34,$11,$158,$-10,$0,$0,$-89,$0,$-89,$0,$-99,$0,$0,$0,$-121,$-121,$-39,$3,$-157,$-98,$14,$-39
42,2008-03-31,18.29,$5.96,3.07,$6.16,2.97,$4.46,4.1,$1.27,14.4,$1.82B,$0.34B,5.34,$1.00B,$1.67B,0.6,$1.84B,$1.15B,62.65%,$1.84B,$0.42B,22.96%,$1.84B,$0.42B,22.96%,$1.84B,$0.50B,27.20%,$1.84B,$0.47B,25.52%,$1.84B,$0.37B,20.09%,$0.37B,$1.67B,20.71%,$0.37B,$1.55B,22.32%,$0.37B,$3.14B,11.45%,$0.42B,$2.67B,15.18%,$476,$174,$302,$91,$92,$359,$117,$-2,$115,$23,$92,$92,$92,$140,$117,$295,299,$0.31,$0.31,$1296,$130,$0,$1820,$404,$564,$126,$222,$1317,$3137,$341,$1000,$40,$1125,$1465,$3,$805,$6,$1672,$3137,$369,$77,$68,$144,$-67,$44,$-20,$62,$67,$581,$-46,$0,$0,$232,$0,$232,$5,$192,$0,$0,$0,$-424,$-424,$-140,$22,$-542,$231,$66,$-140
43,2007-12-31,16.75,$6.06,2.77,$5.85,2.86,$3.95,4.24,$1.20,13.96,$1.89B,$0.34B,5.6,$1.00B,$1.74B,0.58,$1.81B,$1.13B,62.30%,$1.81B,$0.39B,21.28%,$1.81B,$0.39B,21.28%,$1.81B,$0.46B,25.59%,$1.81B,$0.46B,25.21%,$1.81B,$0.37B,20.23%,$0.37B,$1.74B,20.20%,$0.37B,$1.61B,21.77%,$0.37B,$3.21B,11.29%,$0.39B,$2.74B,13.70%,$475,$174,$300,$91,$92,$359,$115,$14,$130,$26,$104,$104,$104,$133,$115,$290,293,$0.36,$0.35,$1366,$132,$0,$1893,$412,$574,$127,$206,$1320,$3213,$338,$1000,$33,$1140,$1478,$3,$870,$0,$1735,$3213,$278,$54,$101,$155,$-47,$42,$-1,$28,$47,$479,$-39,$0,$0,$-316,$0,$-316,$6,$-349,$0,$0,$0,$-272,$-272,$-106,$12,$-365,$-235,$49,$-106
44,2007-09-30,19.92,$6.27,3.18,$5.56,3.58,$3.62,5.5,$1.11,17.95,$1.77B,$0.30B,6.0,$1.00B,$1.84B,0.54,$1.79B,$1.10B,61.62%,$1.79B,$0.35B,19.72%,$1.79B,$0.35B,19.72%,$1.79B,$0.43B,24.03%,$1.79B,$0.43B,24.03%,$1.79B,$0.35B,19.61%,$0.35B,$1.84B,17.12%,$0.35B,$1.71B,18.32%,$0.35B,$3.27B,10.89%,$0.35B,$2.84B,12.60%,$445,$170,$275,$88,$90,$351,$94,$20,$114,$24,$90,$90,$90,$113,$94,$298,302,$0.30,$0.30,$1221,$129,$0,$1772,$415,$754,$129,$198,$1496,$3268,$296,$999,$42,$1131,$1426,$3,$955,$4,$1842,$3268,$174,$36,$61,$97,$-54,$45,$-1,$21,$0,$271,$-29,$0,$0,$-365,$0,$-365,$-3,$-396,$0,$0,$0,$-81,$-81,$-71,$10,$-143,$-268,$32,$-71
45,2007-06-30,20.3,$6.35,3.2,$5.45,3.73,$3.54,5.74,$1.08,18.8,$1.76B,$0.29B,6.09,$1.00B,$1.90B,0.53,$1.81B,$1.11B,61.54%,$1.81B,$0.35B,19.42%,$1.81B,$0.35B,19.42%,$1.81B,$0.43B,23.57%,$1.81B,$0.43B,24.02%,$1.81B,$0.35B,19.54%,$0.35B,$1.90B,15.63%,$0.35B,$1.77B,16.64%,$0.35B,$3.31B,11.10%,$0.35B,$2.90B,12.73%,$446,$168,$277,$88,$90,$348,$97,$14,$111,$27,$84,$84,$84,$115,$97,$298,303,$0.28,$0.28,$1202,$146,$0,$1759,$416,$799,$131,$203,$1549,$3307,$289,$999,$35,$1123,$1412,$3,$974,$5,$1896,$3307,$84,$17,$36,$53,$-26,$29,$-19,$10,$-11,$126,$-16,$0,$0,$-129,$0,$-129,$-2,$-147,$0,$0,$0,$40,$40,$-36,$8,$12,$-8,$17,$-36
46,2007-03-31,19.44,$5.99,3.24,$5.36,3.63,$3.57,5.44,$1.04,18.69,$1.70B,$0.30B,5.6,$1.00B,$1.77B,0.56,$1.84B,$1.12B,61.02%,$1.84B,$0.35B,18.84%,$1.84B,$0.35B,18.84%,$1.84B,$0.42B,22.86%,$1.84B,$0.43B,23.34%,$1.84B,$0.35B,19.06%,$0.35B,$1.77B,14.25%,$0.35B,$1.64B,15.11%,$0.35B,$3.18B,11.19%,$0.35B,$2.77B,12.79%,$443,$168,$275,$98,$96,$364,$79,$22,$101,$14,$88,$88,$88,$102,$79,$338,344,$0.27,$0.25,$1138,$175,$0,$1700,$413,$743,$133,$191,$1479,$3179,$303,$1000,$1,$1103,$1407,$3,$916,$4,$1773,$3179,$351,$74,$112,$186,$12,$29,$8,$-17,$15,$552,$-111,$0,$0,$-171,$0,$-171,$-2,$-284,$980,$0,$980,$-1302,$-1302,$-121,$27,$-415,$-147,$93,$-121
47,2006-12-31,17.92,$8.04,2.23,$5.40,3.32,$3.48,5.15,$1.09,16.44,$1.73B,$0.33B,5.32,$0.00B,$2.67B,0.0,$1.87B,$1.14B,61.09%,$1.87B,$0.39B,20.68%,$1.87B,$0.39B,20.68%,$1.87B,$0.46B,24.43%,$1.87B,$0.46B,24.43%,$1.87B,$0.37B,19.99%,$0.37B,$2.67B,13.84%,$0.37B,$2.53B,14.62%,$0.37B,$3.10B,11.93%,$0.39B,$2.67B,14.32%,$451,$178,$273,$96,$90,$369,$82,$21,$103,$16,$88,$88,$88,$99,$82,$334,340,$0.26,$0.26,$1158,$185,$0,$1725,$368,$714,$141,$152,$1374,$3099,$325,$0,$1,$107,$431,$3,$1328,$7,$2668,$3099,$263,$51,$57,$108,$46,$18,$-11,$-26,$75,$446,$-48,$0,$0,$-253,$0,$-253,$-2,$-302,$0,$0,$0,$-315,$-315,$-91,$19,$-387,$-243,$72,$-91
