,Date,Stock Price,Book Value per Share,Price to Book Ratio,TTM Sales per Share,Price to Sales Ratio,TTM FCF per Share,Price to FCF Ratio,TTM Net EPS,PE Ratio,Current Assets,Current Liabilities,Current Ratio,Long Term Debt,Shareholder's Equity_x,Debt to Equity Ratio,TTM Revenue_x,TTM Gross Profit,Gross Margin,TTM Revenue_y,TTM Operating Income,Operating Margin,TTM Revenue_x,TTM EBIT,EBIT Margin,TTM Revenue_y,TTM EBITDA,EBITDA Margin,TTM Revenue_x,TTM Pre-Tax Income,Pre-Tax Margin,TTM Revenue_y,TTM Net Income_x,Net Margin,TTM Net Income_y,Shareholder's Equity_y,Return on Equity,TTM Net Income_x,Tangible Equity,Return on Tangible Equity,TTM Net Income_y,Total Assets,Return on Assets,TTM Net Income,LT Investments & Debt,Return on Investment,revenue,cost-goods-sold,gross-profit,research-development-expenses,selling-general-administrative-expenses,operating-expenses,operating-income,total-non-operating-income-expense,pre-tax-income,total-provision-income-taxes,income-after-taxes,income-from-continuous-operations,net-income,ebitda,ebit,basic-shares-outstanding,shares-outstanding,eps-basic-net-earnings-per-share,eps-earnings-per-share-diluted,cash-on-hand,inventory,other-current-assets,total-current-assets,net-property-plant-equipment,long-term-investments,goodwill-intangible-assets-total,other-long-term-assets,total-long-term-assets,total-assets,total-current-liabilities,long-term-debt,other-non-current-liabilities,total-long-term-liabilities,total-liabilities,common-stock-net,retained-earnings-accumulated-deficit,comprehensive-income,total-share-holder-equity,total-liabilities-share-holders-equity,net-income-loss,total-depreciation-amortization-cash-flow,other-non-cash-items,total-non-cash-items,change-in-accounts-receivable,change-in-inventories,change-in-accounts-payable,change-in-assets-liabilities,total-change-in-assets-liabilities,cash-flow-from-operating-activities,net-change-in-property-plant-equipment,net-change-in-intangible-assets,net-acquisitions-divestitures,net-change-in-short-term-investments,net-change-in-long-term-investments,net-change-in-investments-total,investing-activities-other,cash-flow-from-investing-activities,net-long-term-debt,net-current-debt,debt-issuance-retirement-net-total,net-common-equity-issued-repurchased,net-total-equity-issued-repurchased,total-common-preferred-stock-dividends-paid,financial-activities-other,cash-flow-from-financial-activities,net-cash-flow,stock-based-compensation,common-stock-dividends-paid
0,2018-09-30,17.57,$0.14,127.78,$1.10,15.92,$-1.97,0.0,$-0.85,0.0,$0.03B,$0.01B,5.37,$0.02B,$0.00B,19.11,$0.01B,$0.01B,100.00%,$0.01B,$-0.02B,-187.50%,$0.01B,$-0.02B,-187.50%,$0.01B,$-0.02B,-187.50%,$0.01B,$-0.01B,-150.00%,$0.01B,$-0.01B,-62.50%,$-0.01B,$0.00B,-111.11%,$-0.01B,$0.00B,-111.11%,$-0.01B,$0.05B,-11.43%,$-0.02B,$0.02B,-72.29%,$1,$0,$1,$1,$5,$6,$-5,$1,$-5,$0,$-5,$-5,$-5,$-5,$-5,$8,8,$-0.55,$-0.55,$28,$0,$0,$30,$0,$0,$0,$1,$16,$46,$6,$22,$1,$39,$45,$0,$-1189,$0,$1,$46,$-10,$0,$4,$4,$-1,$0,$0,$1,$-4,$-10,$-0,$-15,$0,$0,$0,$0,$0,$-15,$7,$0,$7,$3,$3,$0,$-0,$10,$-15,$3,$0
1,2018-06-30,20.88,$0.58,36.06,$5.37,3.89,$0.36,57.27,$1.13,18.48,$0.04B,$0.00B,12.45,$0.02B,$0.01B,3.06,$0.04B,$0.04B,100.00%,$0.04B,$0.02B,44.19%,$0.04B,$0.02B,44.19%,$0.04B,$0.02B,44.19%,$0.04B,$0.02B,48.84%,$0.04B,$0.02B,37.21%,$0.02B,$0.01B,304.76%,$0.02B,$0.01B,304.76%,$0.02B,$0.04B,35.75%,$0.02B,$0.02B,97.44%,$2,$0,$2,$0,$4,$5,$-3,$1,$-2,$0,$-2,$-2,$-2,$-3,$-3,$8,8,$-0.23,$-0.23,$39,$0,$0,$40,$0,$1,$0,$1,$1,$41,$3,$15,$1,$33,$36,$0,$-1185,$0,$5,$41,$-6,$0,$2,$2,$-0,$0,$0,$0,$-4,$-7,$0,$0,$0,$0,$0,$0,$0,$0,$-0,$0,$-0,$3,$3,$0,$-0,$2,$-5,$2,$0
2,2018-03-31,20.23,$0.68,29.9,$6.52,3.1,$-1.54,0.0,$1.38,14.66,$0.04B,$0.01B,7.26,$0.02B,$0.01B,2.59,$0.05B,$0.05B,100.00%,$0.05B,$0.02B,44.23%,$0.05B,$0.02B,44.23%,$0.05B,$0.02B,46.15%,$0.05B,$0.02B,44.23%,$0.05B,$0.02B,34.62%,$0.02B,$0.01B,-553.85%,$0.02B,$0.01B,-553.85%,$0.02B,$0.04B,44.44%,$0.02B,$0.02B,213.95%,$0,$0,$0,$0,$5,$6,$-5,$1,$-4,$0,$-4,$-4,$-4,$-5,$-5,$8,8,$-0.46,$-0.46,$42,$0,$0,$43,$0,$0,$0,$1,$1,$43,$6,$15,$0,$32,$38,$0,$-1183,$0,$6,$43,$-4,$0,$1,$1,$-0,$0,$0,$0,$-1,$-4,$0,$0,$0,$0,$0,$0,$0,$0,$-0,$0,$-0,$2,$2,$0,$-0,$2,$-2,$1,$0
3,2017-12-31,35.6,$0.70,50.76,$6.51,5.47,$-3.05,0.0,$-0.53,0.0,$0.04B,$0.01B,5.96,$0.02B,$0.01B,2.52,$0.05B,$0.05B,100.00%,$0.05B,$0.02B,32.69%,$0.05B,$0.02B,32.69%,$0.05B,$0.02B,36.54%,$0.05B,$0.02B,30.77%,$0.05B,$0.01B,11.54%,$0.01B,$0.01B,-48.00%,$0.01B,$0.01B,-48.00%,$0.01B,$0.05B,16.90%,$0.02B,$0.02B,1133.33%,$5,$0,$5,$1,$7,$7,$-2,$1,$-1,$-0,$-1,$-1,$6,$-2,$-2,$8,8,$1.04,$1.10,$43,$0,$0,$44,$0,$0,$0,$1,$1,$45,$7,$15,$0,$32,$39,$0,$-1179,$0,$6,$45,$15,$1,$-4,$-4,$0,$0,$0,$-0,$-8,$3,$2,$0,$0,$0,$0,$0,$0,$2,$-16,$0,$-16,$12,$32,$0,$-2,$13,$18,$7,$0
4,2017-09-30,19.65,$0.50,39.39,$5.92,3.32,$-9.18,0.0,$-3.26,0.0,$0.05B,$0.01B,3.45,$0.01B,$0.00B,3.53,$0.05B,$0.05B,100.00%,$0.05B,$0.00B,4.17%,$0.05B,$0.00B,4.17%,$0.05B,$0.00B,8.33%,$0.05B,0,0.00%,$0.05B,$-0.02B,-35.42%,$-0.02B,$0.00B,66.02%,$-0.02B,$0.00B,66.02%,$-0.02B,$0.05B,-53.97%,$0.00B,$0.02B,-22.22%,$36,$0,$36,$0,$7,$8,$29,$-1,$28,$2,$26,$26,$16,$29,$29,$8,8,$2.06,$1.98,$48,$0,$0,$49,$0,$0,$0,$1,$1,$50,$14,$14,$0,$31,$46,$0,$-1178,$0,$4,$50,$16,$1,$7,$7,$-0,$0,$0,$-9,$-15,$8,$2,$0,$0,$0,$0,$0,$0,$2,$-16,$0,$-16,$10,$30,$0,$-1,$12,$22,$5,$0
5,2017-06-30,6.99,$-3.83,-1.82,$1.65,4.22,$-17.07,0.0,$-7.32,0.0,$0.02B,$0.02B,1.08,$0.01B,$-0.03B,-0.49,$0.01B,$0.01B,100.00%,$0.01B,$-0.04B,-300.00%,$0.01B,$-0.04B,-300.00%,$0.01B,$-0.04B,-284.62%,$0.01B,$-0.04B,-315.38%,$0.01B,$-0.05B,-353.85%,$-0.05B,$-0.03B,133.33%,$-0.05B,$-0.03B,133.33%,$-0.05B,$0.02B,-182.18%,$-0.04B,$-0.02B,300.00%,$11,$0,$11,$3,$5,$10,$1,$-1,$0,$0,$0,$0,$0,$2,$1,$8,8,$0.02,$0.02,$12,$0,$0,$23,$0,$0,$0,$0,$1,$24,$22,$14,$0,$32,$53,$0,$-1204,$0,$-29,$24,$-10,$1,$4,$5,$-10,$0,$0,$0,$-17,$-23,$2,$0,$0,$0,$0,$0,$0,$2,$-16,$0,$-16,$5,$25,$0,$-1,$8,$-13,$3,$0
6,2017-03-31,7.11,$-4.11,-1.73,$0.30,23.41,$-19.06,0.0,$-9.94,0.0,$0.02B,$0.02B,0.97,$0.01B,$-0.03B,-0.45,$0.00B,$0.00B,100.00%,$0.00B,$-0.06B,-2900.00%,$0.00B,$-0.06B,-2900.00%,$0.00B,$-0.06B,-2800.00%,$0.00B,$-0.06B,-2800.00%,$0.00B,$-0.06B,-3050.00%,$-0.06B,$-0.03B,189.15%,$-0.06B,$-0.03B,189.15%,$-0.06B,$0.02B,-210.34%,$-0.06B,$-0.02B,1008.70%,$0,$0,$0,$4,$5,$11,$-11,$0,$-11,$0,$-11,$-11,$-16,$-10,$-11,$7,7,$-2.37,$-2.37,$20,$0,$0,$22,$0,$0,$0,$0,$1,$23,$22,$14,$0,$31,$54,$0,$-1204,$0,$-31,$23,$-11,$0,$1,$1,$0,$0,$0,$0,$-5,$-14,$1,$0,$0,$0,$0,$0,$0,$1,$-16,$0,$-16,$5,$25,$0,$-1,$8,$-6,$1,$0
7,2016-12-31,4.22,$-7.72,-0.55,$0.93,4.54,$-19.83,0.0,$-8.97,0.0,$0.03B,$0.03B,0.84,$0.03B,$-0.05B,-0.54,$0.01B,$0.01B,100.00%,$0.01B,$-0.06B,-1016.67%,$0.01B,$-0.06B,-1016.67%,$0.01B,$-0.06B,-983.33%,$0.01B,$-0.05B,-883.33%,$0.01B,$-0.05B,-883.33%,$-0.05B,$-0.05B,200.00%,$-0.05B,$-0.05B,200.00%,$-0.05B,$0.03B,-145.21%,$-0.06B,$-0.02B,-1109.09%,$1,$0,$1,$8,$5,$18,$-17,$-0,$-17,$0,$-17,$-17,$-17,$-17,$-17,$6,6,$-2.89,$-2.89,$26,$0,$0,$27,$1,$0,$0,$0,$2,$29,$33,$25,$0,$43,$76,$0,$-1194,$0,$-47,$29,$-54,$2,$-2,$0,$4,$0,$0,$17,$20,$-34,$-0,$0,$0,$1,$0,$1,$0,$1,$-7,$0,$-7,$0,$0,$0,$0,$-7,$-40,$8,$0
8,2016-09-30,9.18,$-5.17,-1.77,$9.02,1.02,$-19.54,0.0,$-1.88,0.0,$0.02B,$0.02B,0.98,$0.03B,$-0.03B,-1.05,$0.05B,$0.05B,100.00%,$0.05B,$-0.02B,-28.30%,$0.05B,$-0.02B,-28.30%,$0.05B,$-0.01B,-24.53%,$0.05B,$-0.01B,-20.75%,$0.05B,$-0.01B,-20.75%,$-0.01B,$-0.03B,72.13%,$-0.01B,$-0.03B,72.13%,$-0.01B,$0.03B,-22.92%,$-0.02B,$0.00B,-71.43%,$1,$0,$1,$9,$4,$13,$-12,$-0,$-13,$0,$-13,$-13,$-13,$-12,$-12,$6,6,$-2.08,$-2.08,$21,$0,$0,$23,$1,$0,$0,$1,$2,$25,$23,$33,$0,$33,$56,$1,$-1176,$0,$-31,$25,$-36,$2,$-3,$-1,$3,$0,$0,$-2,$-3,$-41,$0,$0,$0,$1,$0,$1,$0,$1,$-5,$0,$-5,$0,$0,$0,$0,$-5,$-45,$6,$0
9,2016-06-30,11.03,$-3.39,-3.25,$9.27,1.19,$-22.94,0.0,$0.20,55.13,$0.04B,$0.02B,1.5,$0.03B,$-0.02B,-1.68,$0.05B,$0.05B,100.00%,$0.05B,$-0.03B,-50.00%,$0.05B,$-0.03B,-50.00%,$0.05B,$-0.02B,-44.44%,$0.05B,$0.00B,3.70%,$0.05B,$0.00B,3.70%,$0.00B,$-0.02B,-13.56%,$0.00B,$-0.02B,-13.56%,$0.00B,$0.04B,3.25%,$-0.03B,$0.01B,-111.34%,$0,$0,$0,$14,$5,$18,$-18,$3,$-15,$0,$-15,$-15,$-15,$-17,$-18,$6,6,$-2.52,$-2.52,$34,$0,$0,$36,$2,$0,$0,$1,$2,$39,$24,$34,$0,$35,$59,$1,$-1164,$-0,$-20,$39,$-24,$1,$-5,$-4,$3,$0,$0,$-2,$-2,$-29,$0,$0,$0,$0,$0,$0,$0,$0,$-3,$0,$-3,$0,$0,$0,$0,$-3,$-32,$4,$0
10,2016-03-31,15.46,$-1.25,-12.36,$9.63,1.61,$-25.17,0.0,$-1.20,0.0,$0.05B,$0.02B,2.45,$0.04B,$-0.01B,-4.78,$0.06B,$0.06B,100.00%,$0.06B,$-0.03B,-54.39%,$0.06B,$-0.03B,-54.39%,$0.06B,$-0.03B,-49.12%,$0.06B,$-0.01B,-12.28%,$0.06B,$-0.01B,-12.28%,$-0.01B,$-0.01B,40.00%,$-0.01B,$-0.01B,40.00%,$-0.01B,$0.05B,-10.45%,$-0.03B,$0.03B,-147.62%,$4,$0,$4,$14,$4,$18,$-14,$6,$-8,$0,$-8,$-8,$-8,$-13,$-14,$6,6,$-1.40,$-1.40,$47,$0,$0,$50,$2,$0,$0,$1,$2,$53,$20,$36,$4,$40,$60,$1,$-1148,$-0,$-8,$53,$-8,$1,$-3,$-3,$2,$0,$0,$-2,$-5,$-16,$-0,$0,$0,$0,$0,$0,$0,$-0,$-3,$0,$-3,$0,$0,$0,$0,$-3,$-20,$2,$0
11,2015-12-31,26.6,$-0.39,-68.57,$9.42,2.82,$-26.65,0.0,$-3.60,0.0,$0.07B,$0.02B,3.1,$0.04B,$-0.00B,-18.52,$0.06B,$0.06B,100.00%,$0.06B,$-0.04B,-71.43%,$0.06B,$-0.04B,-71.43%,$0.06B,$-0.04B,-66.07%,$0.06B,$-0.02B,-37.50%,$0.06B,$-0.02B,-37.50%,$-0.02B,$-0.00B,112.00%,$-0.02B,$-0.00B,112.00%,$-0.02B,$0.08B,-28.67%,$-0.04B,$0.04B,-216.22%,$48,$0,$48,$14,$5,$19,$29,$-3,$25,$0,$25,$25,$25,$29,$29,$6,6,$4.38,$4.38,$66,$0,$0,$72,$2,$0,$0,$1,$3,$75,$23,$43,$11,$54,$77,$0,$-1140,$0,$-2,$75,$-21,$3,$-12,$-9,$-1,$0,$0,$1,$-1,$-31,$-0,$0,$5,$0,$0,$0,$0,$4,$14,$0,$14,$1,$1,$0,$-1,$14,$-13,$10,$0
12,2015-09-30,15.0,$-4.91,-3.05,$1.99,7.53,$-34.97,0.0,$-10.20,0.0,$0.07B,$0.06B,1.26,$0.04B,$-0.03B,-1.52,$0.01B,$0.01B,100.00%,$0.01B,$-0.09B,-733.33%,$0.01B,$-0.09B,-733.33%,$0.01B,$-0.08B,-700.00%,$0.01B,$-0.05B,-441.67%,$0.01B,$-0.05B,-441.67%,$-0.05B,$-0.03B,302.86%,$-0.05B,$-0.03B,302.86%,$-0.05B,$0.08B,-69.06%,$-0.09B,$0.02B,-664.15%,$2,$0,$2,$18,$6,$26,$-24,$23,$-0,$0,$-0,$-0,$-0,$-23,$-24,$6,6,$-0.08,$-0.08,$32,$0,$0,$74,$4,$0,$0,$1,$5,$79,$59,$44,$5,$49,$108,$1,$-1165,$0,$-29,$79,$-46,$2,$-16,$-13,$-36,$0,$0,$36,$-0,$-60,$-0,$0,$0,$0,$0,$0,$0,$-0,$20,$-6,$14,$0,$0,$0,$-1,$14,$-46,$8,$0
13,2015-06-30,77.6,$-5.30,-14.63,$2.54,30.54,$-35.52,0.0,$-13.60,0.0,$0.06B,$0.03B,1.88,$0.03B,$-0.03B,-1.03,$0.02B,$0.02B,100.00%,$0.02B,$-0.08B,-560.00%,$0.02B,$-0.08B,-560.00%,$0.02B,$-0.08B,-533.33%,$0.02B,$-0.07B,-446.67%,$0.02B,$-0.07B,-446.67%,$-0.07B,$-0.03B,454.24%,$-0.07B,$-0.03B,454.24%,$-0.07B,$0.06B,-89.63%,$-0.08B,$0.00B,-933.33%,$3,$0,$3,$20,$5,$25,$-22,$-2,$-24,$0,$-24,$-24,$-24,$-21,$-22,$6,6,$-4.00,$-4.00,$51,$0,$0,$56,$4,$0,$0,$1,$5,$61,$30,$32,$30,$62,$92,$1,$-1165,$0,$-31,$61,$-45,$2,$6,$8,$1,$0,$0,$-0,$-3,$-41,$-0,$0,$0,$0,$0,$0,$0,$-0,$14,$0,$14,$0,$0,$0,$-1,$14,$-27,$6,$0
14,2015-03-31,72.8,$-2.29,-31.81,$3.16,23.07,$-36.46,0.0,$-13.00,0.0,$0.07B,$0.03B,2.75,$0.03B,$-0.01B,-2.36,$0.02B,$0.02B,100.00%,$0.02B,$-0.08B,-450.00%,$0.02B,$-0.08B,-450.00%,$0.02B,$-0.08B,-427.78%,$0.02B,$-0.06B,-305.56%,$0.02B,$-0.06B,-305.56%,$-0.06B,$-0.01B,611.11%,$-0.06B,$-0.01B,611.11%,$-0.06B,$0.08B,-67.07%,$-0.08B,$0.02B,-720.00%,$3,$0,$3,$20,$5,$25,$-23,$1,$-22,$0,$-22,$-22,$-22,$-22,$-23,$6,6,$-3.80,$-3.80,$67,$0,$0,$73,$5,$0,$0,$1,$5,$78,$26,$32,$32,$65,$91,$1,$-1141,$0,$-13,$78,$-22,$1,$3,$4,$0,$0,$0,$-0,$-6,$-24,$-0,$0,$0,$0,$0,$0,$0,$-0,$14,$0,$14,$0,$0,$0,$-0,$14,$-11,$4,$0
15,2014-12-31,71.8,$0.53,134.26,$3.29,21.83,$-37.13,0.0,$-10.00,0.0,$0.08B,$0.04B,2.31,$0.02B,$0.00B,5.26,$0.02B,$0.02B,100.00%,$0.02B,$-0.08B,-450.00%,$0.02B,$-0.08B,-450.00%,$0.02B,$-0.08B,-427.78%,$0.02B,$-0.04B,-211.11%,$0.02B,$-0.04B,-211.11%,$-0.04B,$0.00B,723.81%,$-0.04B,$0.00B,723.81%,$-0.04B,$0.09B,-42.46%,$-0.08B,$0.02B,-514.29%,$4,$0,$4,$19,$4,$23,$-19,$12,$-7,$0,$-7,$-7,$-7,$-18,$-19,$5,6,$-1.53,$-2.49,$78,$0,$0,$84,$5,$0,$0,$1,$6,$89,$36,$16,$32,$50,$86,$1,$-1119,$0,$3,$89,$-38,$5,$-36,$-32,$0,$0,$0,$-4,$-8,$-78,$-0,$0,$0,$0,$20,$20,$0,$20,$-6,$0,$-6,$41,$41,$0,$0,$36,$-23,$11,$0
16,2014-09-30,84.2,$-3.38,-24.94,$5.42,15.54,$-34.33,0.0,$-18.60,0.0,$0.07B,$0.04B,1.78,$0.02B,$-0.02B,-0.91,$0.03B,$0.03B,100.00%,$0.03B,$-0.08B,-288.89%,$0.03B,$-0.08B,-288.89%,$0.03B,$-0.07B,-270.37%,$0.03B,$-0.08B,-307.41%,$0.03B,$-0.08B,-307.41%,$-0.08B,$-0.02B,1185.71%,$-0.08B,$-0.02B,1185.71%,$-0.08B,$0.07B,-82.18%,$-0.08B,$-0.00B,-416.00%,$5,$0,$5,$20,$5,$26,$-20,$6,$-14,$0,$-14,$-14,$-14,$-19,$-20,$5,6,$-2.60,$-3.40,$59,$0,$0,$65,$5,$0,$0,$1,$6,$71,$36,$17,$34,$53,$89,$1,$-1112,$0,$-18,$71,$-31,$3,$-26,$-22,$0,$0,$0,$-4,$-8,$-61,$-0,$0,$0,$0,$15,$15,$0,$15,$0,$-5,$-5,$4,$4,$0,$0,$-1,$-48,$10,$0
17,2014-06-30,91.8,$-1.42,-64.88,$5.97,15.37,$-32.76,0.0,$-22.00,0.0,$0.08B,$0.04B,2.22,$0.02B,$-0.01B,-2.29,$0.03B,$0.03B,100.00%,$0.03B,$-0.08B,-267.86%,$0.03B,$-0.08B,-267.86%,$0.03B,$-0.07B,-250.00%,$0.03B,$-0.10B,-353.57%,$0.03B,$-0.10B,-353.57%,$-0.10B,$-0.01B,1650.00%,$-0.10B,$-0.01B,1650.00%,$-0.10B,$0.09B,-93.40%,$-0.08B,$0.01B,-300.00%,$6,$0,$6,$20,$5,$25,$-19,$7,$-12,$0,$-12,$-12,$-12,$-18,$-19,$5,6,$-2.20,$-3.40,$76,$0,$0,$84,$6,$0,$0,$1,$6,$90,$38,$17,$39,$60,$97,$1,$-1098,$0,$-8,$90,$-17,$2,$-22,$-20,$-2,$0,$0,$-2,$-8,$-45,$-0,$0,$0,$0,$10,$10,$0,$10,$-4,$0,$-4,$3,$3,$0,$0,$-1,$-36,$6,$0
18,2014-03-31,104.2,$0.33,320.02,$6.65,15.67,$-31.26,0.0,$-22.80,0.0,$0.10B,$0.02B,4.97,$0.04B,$0.00B,19.92,$0.03B,$0.03B,100.00%,$0.03B,$-0.07B,-241.38%,$0.03B,$-0.07B,-241.38%,$0.03B,$-0.07B,-224.14%,$0.03B,$-0.10B,-358.62%,$0.03B,$-0.10B,-358.62%,$-0.10B,$0.00B,1260.61%,$-0.10B,$0.00B,1260.61%,$-0.10B,$0.11B,-101.22%,$-0.07B,$0.04B,-254.55%,$3,$0,$3,$22,$5,$27,$-23,$19,$-5,$0,$-5,$-5,$-5,$-22,$-23,$5,6,$-0.80,$-4.20,$94,$0,$0,$101,$6,$0,$0,$1,$7,$108,$20,$35,$47,$86,$106,$1,$-1086,$0,$2,$108,$-5,$1,$-17,$-16,$-1,$0,$0,$-1,$-8,$-28,$-0,$0,$0,$0,$0,$0,$0,$-0,$-3,$0,$-3,$3,$3,$0,$0,$0,$-28,$4,$0
19,2013-12-31,134.6,$-0.76,-177.9,$8.35,16.12,$-30.01,0.0,$-28.00,0.0,$0.13B,$0.03B,4.29,$0.04B,$-0.00B,-8.82,$0.04B,$0.04B,100.00%,$0.04B,$-0.06B,-165.71%,$0.04B,$-0.06B,-165.71%,$0.04B,$-0.05B,-151.43%,$0.04B,$-0.12B,-354.29%,$0.04B,$-0.12B,-354.29%,$-0.12B,$-0.00B,1377.78%,$-0.12B,$-0.00B,1377.78%,$-0.12B,$0.14B,-126.53%,$-0.06B,$0.03B,-210.91%,$13,$0,$13,$23,$5,$28,$-16,$-37,$-52,$0,$-52,$-52,$-52,$-14,$-16,$4,4,$-11.60,$-11.60,$122,$0,$0,$127,$6,$0,$0,$1,$8,$135,$30,$35,$70,$109,$139,$1,$-1081,$-0,$-4,$135,$-124,$5,$70,$75,$4,$0,$0,$-5,$3,$-46,$-1,$0,$0,$0,$20,$20,$0,$19,$-3,$0,$-3,$87,$87,$0,$0,$83,$56,$5,$0
20,2013-09-30,89.8,$-2.92,-30.73,$7.75,11.59,$-32.42,0.0,$-16.40,0.0,$0.08B,$0.02B,3.45,$0.04B,$-0.01B,-2.73,$0.03B,$0.03B,100.00%,$0.03B,$-0.06B,-189.66%,$0.03B,$-0.06B,-189.66%,$0.03B,$-0.05B,-172.41%,$0.03B,$-0.07B,-241.38%,$0.03B,$-0.07B,-241.38%,$-0.07B,$-0.01B,2545.45%,$-0.07B,$-0.01B,2545.45%,$-0.07B,$0.09B,-77.13%,$-0.06B,$0.02B,-159.42%,$6,$0,$6,$18,$5,$24,$-17,$-12,$-30,$-0,$-30,$-30,$-30,$-16,$-17,$4,4,$-6.80,$-6.80,$74,$0,$0,$83,$7,$0,$0,$1,$8,$91,$24,$37,$39,$81,$105,$1,$-1029,$0,$-14,$91,$-72,$4,$33,$37,$3,$0,$0,$-4,$-4,$-39,$-1,$0,$0,$0,$40,$40,$0,$39,$-2,$0,$-2,$30,$30,$0,$0,$28,$29,$4,$0
21,2013-06-30,72.6,$-4.06,-17.87,$8.43,8.61,$-32.42,0.0,$-17.40,0.0,$0.07B,$0.02B,3.12,$0.04B,$-0.02B,-2.19,$0.03B,$0.03B,100.00%,$0.03B,$-0.05B,-180.00%,$0.03B,$-0.05B,-180.00%,$0.03B,$-0.05B,-163.33%,$0.03B,$-0.07B,-223.33%,$0.03B,$-0.07B,-223.33%,$-0.07B,$-0.02B,1576.47%,$-0.07B,$-0.02B,1576.47%,$-0.07B,$0.08B,-76.35%,$-0.05B,$0.02B,-163.64%,$7,$0,$7,$17,$4,$21,$-14,$-3,$-17,$0,$-17,$-17,$-17,$-13,$-14,$4,4,$-4.20,$-4.20,$58,$0,$0,$68,$7,$0,$0,$1,$9,$77,$22,$37,$30,$72,$94,$1,$-999,$0,$-17,$77,$-42,$3,$20,$23,$1,$0,$0,$-3,$-6,$-26,$-1,$0,$0,$0,$40,$40,$0,$39,$-1,$0,$-1,$0,$0,$0,$0,$-1,$13,$3,$0
22,2013-03-31,69.8,$-0.22,-318.29,$9.43,7.4,$-31.70,0.0,$-18.00,0.0,$0.08B,$0.02B,4.17,$0.04B,$-0.00B,-40.72,$0.03B,$0.03B,100.00%,$0.03B,$-0.05B,-165.63%,$0.03B,$-0.05B,-165.63%,$0.03B,$-0.05B,-150.00%,$0.03B,$-0.07B,-206.25%,$0.03B,$-0.07B,-206.25%,$-0.07B,$-0.00B,-6600.00%,$-0.07B,$-0.00B,-6600.00%,$-0.07B,$0.09B,-73.33%,$-0.05B,$0.04B,-142.28%,$9,$0,$9,$17,$4,$21,$-11,$-14,$-25,$0,$-25,$-25,$-25,$-10,$-11,$4,4,$-6.00,$-6.00,$70,$0,$0,$80,$8,$0,$0,$1,$9,$89,$19,$37,$28,$71,$90,$1,$-982,$0,$-1,$89,$-25,$1,$17,$18,$2,$0,$0,$-2,$-8,$-15,$-0,$0,$0,$0,$20,$20,$0,$20,$0,$0,$0,$0,$0,$0,$0,$0,$5,$2,$0
23,2012-12-31,48.0,$5.21,9.22,$11.59,4.14,$-33.57,0.0,$-25.80,0.0,$0.10B,$0.02B,4.02,$0.04B,$0.02B,1.75,$0.03B,$0.03B,100.00%,$0.03B,$-0.06B,-169.70%,$0.03B,$-0.06B,-169.70%,$0.03B,$-0.05B,-154.55%,$0.03B,$-0.07B,-215.15%,$0.03B,$-0.07B,-215.15%,$-0.07B,$0.02B,-1183.33%,$-0.07B,$0.02B,-1183.33%,$-0.07B,$0.11B,-76.34%,$-0.06B,$0.06B,-134.94%,$7,$0,$7,$16,$4,$20,$-13,$15,$2,$0,$2,$2,$2,$-11,$-13,$3,3,$4.40,$4.40,$85,$0,$0,$96,$8,$0,$0,$2,$10,$106,$24,$38,$16,$60,$84,$1,$-957,$0,$21,$106,$-71,$6,$19,$25,$4,$0,$0,$-4,$5,$-41,$-2,$0,$0,$0,$-40,$-40,$0,$-42,$2,$0,$2,$77,$77,$0,$0,$80,$-3,$4,$0
24,2012-09-30,73.8,$-5.95,-12.41,$15.53,4.75,$-40.81,0.0,$-33.20,0.0,$0.07B,$0.02B,3.15,$0.04B,$-0.02B,-1.86,$0.04B,$0.04B,100.00%,$0.04B,$-0.06B,-152.78%,$0.04B,$-0.06B,-152.78%,$0.04B,$-0.05B,-138.89%,$0.04B,$-0.09B,-236.11%,$0.04B,$-0.09B,-236.11%,$-0.09B,$-0.02B,-1888.89%,$-0.09B,$-0.02B,-1888.89%,$-0.09B,$0.08B,-98.84%,$-0.06B,$0.02B,-141.03%,$7,$0,$7,$18,$5,$23,$-16,$-11,$-27,$-0,$-27,$-27,$-27,$-15,$-16,$3,3,$-7.80,$-7.80,$59,$0,$0,$69,$9,$0,$0,$2,$11,$79,$22,$38,$33,$78,$100,$1,$-959,$0,$-20,$79,$-73,$5,$34,$39,$5,$0,$0,$-3,$5,$-29,$-2,$0,$0,$0,$-17,$-17,$0,$-19,$2,$0,$2,$40,$40,$0,$0,$42,$-6,$3,$0
25,2012-06-30,59.6,$1.13,52.54,$23.31,2.56,$-46.08,0.0,$-29.40,0.0,$0.08B,$0.02B,4.15,$0.03B,$0.00B,8.46,$0.05B,$0.05B,100.00%,$0.05B,$-0.05B,-102.22%,$0.05B,$-0.05B,-102.22%,$0.05B,$-0.04B,-88.89%,$0.05B,$-0.07B,-144.44%,$0.05B,$-0.07B,-144.44%,$-0.07B,$0.00B,-433.33%,$-0.07B,$0.00B,-433.33%,$-0.07B,$0.09B,-76.02%,$-0.05B,$0.04B,-98.40%,$9,$0,$9,$18,$4,$23,$-13,$-3,$-16,$0,$-16,$-16,$-16,$-12,$-13,$3,3,$-4.80,$-4.80,$67,$0,$0,$75,$9,$0,$0,$2,$11,$86,$18,$33,$24,$64,$82,$1,$-933,$0,$4,$86,$-47,$3,$22,$25,$6,$0,$0,$-1,$3,$-18,$-1,$0,$0,$0,$-12,$-12,$0,$-13,$-1,$0,$-1,$39,$39,$0,$-0,$38,$7,$1,$0
26,2012-03-31,55.4,$5.73,9.68,$31.65,1.75,$-50.82,0.0,$-30.00,0.0,$0.09B,$0.02B,4.71,$0.03B,$0.02B,1.72,$0.05B,$0.05B,100.00%,$0.05B,$-0.04B,-77.36%,$0.05B,$-0.04B,-77.36%,$0.05B,$-0.03B,-64.15%,$0.05B,$-0.06B,-107.55%,$0.05B,$-0.06B,-107.55%,$-0.06B,$0.02B,-285.00%,$-0.06B,$0.02B,-285.00%,$-0.06B,$0.10B,-67.86%,$-0.04B,$0.05B,-81.59%,$10,$0,$10,$16,$5,$24,$-14,$-16,$-30,$0,$-30,$-30,$-30,$-13,$-14,$2,2,$-13.80,$-13.80,$75,$0,$0,$89,$10,$0,$0,$2,$13,$101,$19,$34,$22,$63,$82,$1,$-916,$0,$19,$101,$-30,$2,$19,$21,$2,$0,$0,$-1,$-2,$-12,$-1,$0,$0,$0,$0,$0,$0,$-1,$-1,$0,$-1,$39,$39,$0,$0,$39,$27,$1,$0
27,2011-12-31,23.0,$8.55,2.69,$37.89,0.61,$-48.11,0.0,$-20.60,0.0,$0.06B,$0.02B,3.04,$0.03B,$0.02B,2.23,$0.06B,$0.06B,100.00%,$0.06B,$-0.03B,-57.63%,$0.06B,$-0.03B,-57.63%,$0.06B,$-0.03B,-44.07%,$0.06B,$-0.03B,-55.93%,$0.06B,$-0.03B,-55.93%,$-0.03B,$0.02B,-155.29%,$-0.03B,$0.02B,-155.29%,$-0.03B,$0.08B,-41.64%,$-0.03B,$0.05B,-68.69%,$10,$0,$10,$17,$5,$22,$-12,$0,$-12,$0,$-12,$-12,$-12,$-10,$-12,$2,2,$-7.00,$-7.00,$48,$0,$0,$63,$13,$0,$0,$3,$15,$78,$21,$34,$1,$42,$63,$0,$-886,$0,$15,$78,$-33,$7,$7,$14,$9,$0,$0,$-16,$-10,$-29,$-3,$0,$0,$0,$0,$0,$0,$-3,$29,$0,$29,$15,$15,$0,$0,$44,$11,$8,$0
28,2011-09-30,35.0,$12.97,2.7,$41.97,0.83,$-84.43,0.0,$-30.60,0.0,$0.06B,$0.02B,3.03,$0.03B,$0.02B,1.23,$0.06B,$0.06B,100.00%,$0.06B,$-0.04B,-64.41%,$0.06B,$-0.04B,-64.41%,$0.06B,$-0.03B,-52.54%,$0.06B,$-0.04B,-66.10%,$0.06B,$-0.04B,-66.10%,$-0.04B,$0.02B,-165.96%,$-0.04B,$0.02B,-165.96%,$-0.04B,$0.08B,-49.84%,$-0.04B,$0.05B,-81.72%,$16,$0,$16,$16,$7,$23,$-7,$0,$-7,$0,$-7,$-7,$-7,$-5,$-7,$2,2,$-4.00,$-4.00,$46,$0,$0,$62,$13,$0,$0,$2,$15,$77,$20,$27,$0,$35,$56,$0,$-874,$0,$22,$77,$-21,$5,$5,$10,$6,$0,$0,$-15,$-10,$-21,$-3,$0,$0,$0,$0,$0,$0,$-3,$20,$0,$20,$12,$12,$0,$0,$33,$8,$6,$0
29,2011-06-30,47.0,$14.99,3.13,$43.07,1.09,$-113.67,0.0,$-40.40,0.0,$0.06B,$0.02B,3.23,$0.03B,$0.02B,1.12,$0.05B,$0.05B,100.00%,$0.05B,$-0.05B,-88.89%,$0.05B,$-0.05B,-88.89%,$0.05B,$-0.04B,-75.93%,$0.05B,$-0.05B,-85.19%,$0.05B,$-0.05B,-85.19%,$-0.05B,$0.02B,-224.39%,$-0.05B,$0.02B,-224.39%,$-0.05B,$0.08B,-65.95%,$-0.05B,$0.05B,-118.52%,$17,$0,$17,$18,$6,$24,$-8,$-0,$-8,$0,$-8,$-8,$-8,$-6,$-8,$1,1,$-5.40,$-5.40,$51,$0,$0,$63,$14,$0,$0,$2,$17,$80,$20,$27,$0,$36,$55,$0,$-868,$0,$24,$80,$-14,$3,$4,$8,$10,$0,$0,$-14,$-7,$-13,$-2,$0,$0,$0,$0,$0,$0,$-2,$20,$0,$20,$10,$10,$0,$0,$30,$14,$5,$0
30,2011-03-31,55.8,$16.40,3.4,$39.13,1.43,$-142.49,0.0,$-52.99,0.0,$0.07B,$0.02B,3.03,$0.03B,$0.02B,1.08,$0.04B,$0.04B,100.00%,$0.04B,$-0.06B,-134.88%,$0.04B,$-0.06B,-134.88%,$0.04B,$-0.05B,-120.93%,$0.04B,$-0.05B,-125.58%,$0.04B,$-0.05B,-125.58%,$-0.05B,$0.02B,-332.31%,$-0.05B,$0.02B,-332.31%,$-0.05B,$0.08B,-90.38%,$-0.06B,$0.05B,-177.10%,$16,$0,$16,$17,$5,$23,$-7,$1,$-6,$0,$-6,$-6,$-6,$-5,$-7,$1,1,$-4.40,$-4.40,$57,$0,$0,$68,$14,$0,$0,$1,$15,$82,$22,$26,$0,$36,$58,$0,$-860,$0,$24,$82,$-6,$2,$2,$4,$11,$0,$0,$-6,$-1,$-3,$-1,$0,$0,$0,$0,$0,$0,$-1,$20,$0,$20,$4,$4,$0,$0,$24,$20,$2,$0
31,2010-12-31,102.6,$16.56,6.2,$37.46,2.74,$-160.34,0.0,$-75.58,0.0,$0.06B,$0.04B,1.66,$0.01B,$0.02B,0.58,$0.03B,$0.03B,100.00%,$0.03B,$-0.07B,-197.06%,$0.03B,$-0.07B,-197.06%,$0.03B,$-0.06B,-179.41%,$0.03B,$-0.07B,-205.88%,$0.03B,$-0.07B,-205.88%,$-0.07B,$0.02B,-451.61%,$-0.07B,$0.02B,-451.61%,$-0.07B,$0.07B,-130.84%,$-0.07B,$0.04B,-231.03%,$10,$0,$10,$19,$6,$26,$-16,$-2,$-18,$0,$-18,$-18,$-18,$-15,$-16,$1,1,$-14.20,$-14.20,$37,$0,$0,$59,$15,$0,$0,$1,$15,$74,$36,$14,$0,$15,$51,$0,$-853,$0,$24,$74,$-69,$6,$4,$10,$-14,$0,$0,$13,$2,$-53,$-0,$0,$0,$0,$0,$0,$0,$-0,$0,$0,$0,$71,$71,$0,$-5,$66,$13,$5,$0
32,2010-09-30,61.0,$9.48,6.43,$65.32,0.93,$-90.85,0.0,$-55.78,0.0,$0.03B,$0.02B,1.48,$0.01B,$0.01B,1.34,$0.05B,$0.05B,100.00%,$0.05B,$-0.05B,-106.52%,$0.05B,$-0.05B,-106.52%,$0.05B,$-0.04B,-93.48%,$0.05B,$-0.05B,-106.52%,$0.05B,$-0.05B,-106.52%,$-0.05B,$0.01B,-350.00%,$-0.05B,$0.01B,-350.00%,$-0.05B,$0.04B,-101.55%,$-0.05B,$0.02B,-178.18%,$11,$0,$11,$21,$6,$28,$-17,$3,$-14,$0,$-14,$-14,$-14,$-15,$-17,$1,1,$-13.80,$-13.80,$17,$0,$0,$26,$16,$0,$0,$1,$17,$43,$18,$14,$0,$15,$33,$0,$-836,$0,$10,$43,$-51,$4,$0,$4,$-1,$0,$0,$-2,$-1,$-43,$-0,$0,$0,$0,$0,$0,$0,$-0,$0,$0,$0,$41,$41,$0,$-5,$36,$-7,$4,$0
33,2010-06-30,124.2,$7.85,15.83,$101.93,1.22,$-27.77,0.0,$-38.98,0.0,$0.02B,$0.02B,1.24,$0.01B,$0.01B,1.98,$0.06B,$0.06B,100.00%,$0.06B,$-0.03B,-40.32%,$0.06B,$-0.03B,-40.32%,$0.06B,$-0.02B,-29.03%,$0.06B,$-0.03B,-53.23%,$0.06B,$-0.03B,-53.23%,$-0.03B,$0.01B,-231.58%,$-0.03B,$0.01B,-231.58%,$-0.03B,$0.04B,-64.71%,$-0.03B,$0.02B,-90.91%,$6,$0,$6,$19,$5,$24,$-18,$3,$-16,$0,$-16,$-16,$-16,$-17,$-18,$1,1,$-18.60,$-18.60,$12,$0,$0,$22,$18,$0,$0,$0,$18,$40,$18,$14,$0,$15,$34,$0,$-822,$0,$7,$40,$-37,$3,$1,$4,$-1,$0,$0,$-3,$-4,$-33,$-0,$0,$0,$0,$0,$0,$0,$-0,$0,$0,$0,$25,$25,$0,$-5,$21,$-12,$2,$0
34,2010-03-31,171.33,$24.49,7.0,$114.18,1.5,$13.90,12.33,$-41.98,0.0,$0.04B,$0.02B,1.89,$0.01B,$0.02B,0.63,$0.07B,$0.07B,100.00%,$0.07B,$-0.02B,-25.76%,$0.07B,$-0.02B,-25.76%,$0.07B,$-0.01B,-13.64%,$0.07B,$-0.03B,-40.91%,$0.07B,$-0.03B,-40.91%,$-0.03B,$0.02B,-337.50%,$-0.03B,$0.02B,-337.50%,$-0.03B,$0.06B,-46.75%,$-0.02B,$0.04B,-80.00%,$7,$0,$7,$18,$6,$23,$-16,$-6,$-22,$0,$-22,$-22,$-22,$-14,$-16,$1,1,$-27.20,$-27.20,$28,$0,$0,$37,$19,$0,$0,$0,$19,$57,$20,$13,$0,$16,$35,$0,$-806,$0,$21,$57,$-22,$2,$3,$5,$-1,$0,$0,$-2,$-4,$-16,$-0,$0,$0,$0,$0,$0,$0,$-0,$0,$0,$0,$25,$25,$0,$-5,$21,$5,$1,$0
35,2009-12-31,209.64,$25.90,8.1,$186.92,1.12,$65.77,3.19,$-3.00,0.0,$0.03B,$0.02B,1.72,$0.01B,$0.02B,0.76,$0.10B,$0.10B,100.00%,$0.10B,$0.01B,13.13%,$0.10B,$0.01B,13.13%,$0.10B,$0.02B,21.21%,$0.10B,$0.01B,7.07%,$0.10B,$0.00B,1.01%,$0.00B,$0.02B,-33.33%,$0.00B,$0.02B,-33.33%,$0.00B,$0.05B,1.62%,$0.01B,$0.03B,130.00%,$22,$0,$22,$15,$5,$19,$2,$0,$3,$-0,$3,$3,$3,$3,$2,$1,1,$7.20,$7.40,$24,$0,$0,$32,$20,$0,$0,$0,$21,$53,$19,$13,$0,$17,$35,$0,$-785,$0,$18,$53,$1,$7,$6,$14,$9,$0,$0,$-13,$-7,$7,$-0,$0,$0,$0,$1,$1,$10,$11,$-50,$0,$-50,$49,$49,$0,$-3,$-4,$14,$4,$0
36,2009-09-30,243.0,$16.24,14.96,$232.07,1.05,$-39.51,0.0,$14.99,16.21,$0.03B,$0.03B,1.27,$0.01B,$0.01B,1.22,$0.11B,$0.11B,100.00%,$0.11B,$0.02B,20.18%,$0.11B,$0.02B,20.18%,$0.11B,$0.03B,27.19%,$0.11B,$0.01B,12.28%,$0.11B,$0.01B,7.02%,$0.01B,$0.01B,-52.46%,$0.01B,$0.01B,-52.46%,$0.01B,$0.05B,12.26%,$0.02B,$0.02B,224.39%,$27,$0,$27,$13,$7,$21,$7,$-5,$2,$0,$2,$2,$2,$10,$7,$1,1,$2.80,$2.60,$28,$0,$0,$32,$22,$0,$0,$0,$22,$54,$25,$13,$0,$18,$44,$0,$-788,$0,$11,$54,$-2,$7,$2,$9,$13,$0,$-3,$-5,$5,$11,$-0,$0,$0,$0,$1,$1,$10,$11,$-50,$0,$-50,$47,$47,$0,$0,$-4,$18,$5,$0
37,2009-06-30,246.0,$-33.37,-7.37,$202.33,1.22,$-156.62,0.0,$-32.98,0.0,$0.04B,$0.07B,0.65,$0.01B,$-0.02B,-0.72,$0.10B,$0.10B,100.00%,$0.10B,$-0.00B,-3.16%,$0.10B,$-0.00B,-3.16%,$0.10B,$0.00B,4.21%,$0.10B,$-0.01B,-8.42%,$0.10B,$-0.01B,-14.74%,$-0.01B,$-0.02B,45.90%,$-0.01B,$-0.02B,45.90%,$-0.01B,$0.07B,-20.66%,$-0.00B,$-0.01B,-27.27%,$10,$0,$10,$14,$6,$19,$-10,$-1,$-10,$-0,$-10,$-10,$-10,$-8,$-10,$1,1,$-20.99,$-20.99,$34,$0,$1,$43,$24,$0,$0,$0,$24,$67,$66,$13,$1,$19,$85,$0,$-789,$0,$-18,$67,$-4,$4,$2,$6,$10,$0,$-2,$-9,$-0,$1,$-0,$0,$0,$1,$0,$1,$3,$5,$-8,$0,$-8,$21,$21,$0,$0,$12,$18,$2,$0
38,2009-03-31,159.0,$-48.23,-3.3,$208.16,0.76,$-231.19,0.0,$-59.97,0.0,$0.05B,$0.08B,0.63,$0.01B,$-0.02B,-0.56,$0.10B,$0.10B,100.00%,$0.10B,$-0.01B,-12.50%,$0.10B,$-0.01B,-12.50%,$0.10B,$-0.00B,-4.17%,$0.10B,$-0.02B,-19.79%,$0.10B,$-0.03B,-26.04%,$-0.03B,$-0.02B,74.63%,$-0.03B,$-0.02B,74.63%,$-0.03B,$0.07B,-35.21%,$-0.01B,$-0.01B,-50.53%,$40,$0,$40,$17,$6,$26,$14,$-2,$12,$6,$6,$6,$6,$16,$14,$0,0,$11.99,$11.99,$36,$0,$1,$47,$25,$0,$0,$0,$26,$73,$76,$13,$0,$20,$96,$0,$-779,$0,$-23,$73,$6,$2,$4,$6,$7,$0,$-2,$-2,$3,$15,$-0,$0,$0,$0,$1,$1,$-4,$-3,$0,$0,$0,$0,$0,$0,$0,$0,$12,$1,$0
39,2008-12-31,186.0,$-67.03,-2.77,$153.76,1.21,$-300.12,0.0,$-104.95,0.0,$0.04B,$0.03B,1.43,$0.06B,$-0.03B,-2.02,$0.07B,$0.07B,100.00%,$0.07B,$-0.04B,-57.35%,$0.07B,$-0.04B,-57.35%,$0.07B,$-0.03B,-45.59%,$0.07B,$-0.05B,-66.18%,$0.07B,$-0.05B,-66.18%,$-0.05B,$-0.03B,146.34%,$-0.05B,$-0.03B,146.34%,$-0.05B,$0.07B,-67.42%,$-0.04B,$0.03B,-115.56%,$37,$0,$37,$20,$5,$25,$12,$-2,$10,$0,$10,$10,$10,$13,$12,$0,0,$23.74,$23.74,$20,$0,$0,$39,$27,$0,$0,$2,$28,$67,$27,$63,$0,$72,$99,$0,$-785,$-0,$-31,$67,$-45,$7,$9,$16,$-5,$0,$-0,$1,$-4,$-33,$-8,$0,$0,$0,$15,$15,$-4,$3,$9,$0,$9,$8,$8,$0,$0,$17,$-13,$5,$0
40,2008-09-30,630.0,$-112.51,-5.6,$104.94,6.0,$-219.06,0.0,$-146.93,0.0,$0.04B,$0.03B,1.23,$0.08B,$-0.05B,-1.54,$0.05B,$0.05B,100.00%,$0.05B,$-0.06B,-130.43%,$0.05B,$-0.06B,-130.43%,$0.05B,$-0.05B,-110.87%,$0.05B,$-0.07B,-141.30%,$0.05B,$-0.07B,-141.30%,$-0.07B,$-0.05B,282.61%,$-0.07B,$-0.05B,282.61%,$-0.07B,$0.06B,-91.23%,$-0.06B,$0.03B,-155.84%,$8,$0,$8,$20,$7,$26,$-19,$-2,$-20,$0,$-20,$-20,$-20,$-17,$-19,$0,0,$-44.98,$-44.98,$24,$0,$0,$35,$28,$0,$0,$2,$30,$64,$28,$76,$0,$86,$114,$0,$-795,$-0,$-50,$64,$-55,$6,$8,$14,$4,$0,$2,$-1,$6,$-36,$-7,$0,$0,$-1,$12,$12,$-8,$-4,$23,$0,$23,$0,$0,$0,$0,$23,$-16,$4,$0
41,2008-06-30,507.0,$-69.09,-7.34,$182.02,2.79,$-119.47,0.0,$-53.97,0.0,$0.05B,$0.03B,2.03,$0.08B,$-0.03B,-2.5,$0.08B,$0.08B,100.00%,$0.08B,$-0.02B,-22.22%,$0.08B,$-0.02B,-22.22%,$0.08B,$-0.01B,-12.35%,$0.08B,$-0.02B,-28.40%,$0.08B,$-0.02B,-28.40%,$-0.02B,$-0.03B,278.79%,$-0.02B,$-0.03B,278.79%,$-0.02B,$0.08B,-29.58%,$-0.02B,$0.05B,-38.71%,$11,$0,$11,$24,$6,$30,$-19,$-2,$-21,$0,$-21,$-21,$-21,$-16,$-19,$0,0,$-47.98,$-47.98,$36,$0,$0,$50,$28,$0,$0,$2,$30,$80,$25,$76,$0,$85,$110,$0,$-775,$0,$-30,$80,$-35,$4,$5,$9,$-0,$0,$3,$-2,$-0,$-26,$-5,$0,$0,$0,$9,$9,$-2,$2,$23,$0,$23,$0,$0,$0,$0,$23,$-2,$3,$0
42,2008-03-31,777.0,$-27.66,-28.1,$189.01,4.11,$-90.57,0.0,$-23.99,0.0,$0.03B,$0.02B,1.73,$0.04B,$-0.01B,-3.5,$0.08B,$0.08B,100.00%,$0.08B,$-0.01B,-8.33%,$0.08B,$-0.01B,-8.33%,$0.08B,$0.00B,0.00%,$0.08B,$-0.01B,-11.90%,$0.08B,$-0.01B,-11.90%,$-0.01B,$-0.01B,235.29%,$-0.01B,$-0.01B,235.29%,$-0.01B,$0.06B,-13.38%,$-0.01B,$0.03B,-16.00%,$12,$0,$12,$19,$6,$25,$-13,$-1,$-14,$0,$-14,$-14,$-14,$-11,$-13,$0,0,$-32.98,$-32.98,$20,$0,$0,$29,$26,$0,$0,$1,$27,$56,$17,$43,$0,$52,$69,$0,$-754,$0,$-12,$56,$-14,$2,$1,$3,$4,$0,$-1,$-4,$-3,$-14,$-2,$0,$0,$0,$6,$6,$5,$9,$-8,$0,$-8,$0,$0,$0,$0,$-8,$-14,$1,$0
43,2007-12-31,1017.0,$0.72,1407.42,$193.27,5.26,$-81.04,0.0,$-32.98,0.0,$0.06B,$0.02B,2.46,$0.05B,$0.00B,160.41,$0.08B,$0.08B,100.00%,$0.08B,$-0.00B,-3.57%,$0.08B,$-0.00B,-3.57%,$0.08B,$0.00B,4.76%,$0.08B,$-0.01B,-14.29%,$0.08B,$-0.01B,-14.29%,$-0.01B,$0.00B,436.36%,$-0.01B,$0.00B,436.36%,$-0.01B,$0.09B,-15.34%,$-0.00B,$0.05B,-6.45%,$15,$0,$15,$18,$6,$24,$-9,$-1,$-10,$0,$-10,$-10,$-10,$-7,$-9,$0,0,$-20.99,$-17.99,$45,$0,$0,$58,$26,$0,$0,$1,$27,$85,$24,$51,$0,$61,$84,$0,$-740,$-0,$0,$85,$-12,$7,$6,$12,$-0,$0,$3,$1,$4,$5,$-9,$0,$0,$0,$2,$2,$-2,$-9,$-2,$0,$-2,$1,$1,$0,$0,$-1,$-6,$3,$0
44,2007-09-30,1023.0,$21.04,48.62,$186.97,5.47,$-200.03,0.0,$-14.79,0.0,$0.07B,$0.02B,3.06,$0.05B,$0.01B,5.32,$0.08B,$0.08B,100.00%,$0.08B,$-0.00B,-6.41%,$0.08B,$-0.00B,-6.41%,$0.08B,$0.00B,3.85%,$0.08B,$-0.02B,-20.51%,$0.08B,$-0.02B,-20.51%,$-0.02B,$0.01B,130.61%,$-0.02B,$0.01B,130.61%,$-0.02B,$0.09B,-20.13%,$-0.00B,$0.06B,-10.26%,$43,$0,$43,$15,$6,$20,$23,$-1,$22,$0,$22,$22,$22,$24,$23,$0,0,$50.98,$47.98,$49,$0,$0,$65,$24,$0,$0,$1,$26,$90,$21,$49,$0,$60,$81,$0,$-730,$-0,$9,$90,$-2,$5,$4,$9,$-1,$0,$2,$1,$1,$7,$-7,$0,$0,$0,$13,$13,$3,$9,$-3,$0,$-3,$0,$0,$0,$0,$-2,$14,$3,$0
45,2007-06-30,912.0,$-31.34,-29.1,$114.65,7.95,$-310.96,0.0,$-95.75,0.0,$0.04B,$0.02B,2.13,$0.05B,$-0.01B,-3.58,$0.04B,$0.04B,100.00%,$0.04B,$-0.04B,-90.48%,$0.04B,$-0.04B,-90.48%,$0.04B,$-0.03B,-71.43%,$0.04B,$-0.05B,-116.67%,$0.04B,$-0.05B,-116.67%,$-0.05B,$-0.01B,204.17%,$-0.05B,$-0.01B,204.17%,$-0.05B,$0.07B,-68.77%,$-0.04B,$0.04B,-88.37%,$14,$0,$14,$17,$4,$22,$-8,$-1,$-8,$0,$-8,$-8,$-8,$-6,$-8,$0,0,$-17.99,$-17.99,$29,$0,$0,$43,$23,$0,$0,$1,$25,$68,$20,$49,$0,$61,$81,$0,$-752,$0,$-14,$68,$-24,$3,$3,$7,$1,$0,$1,$1,$3,$-15,$-4,$0,$0,$0,$12,$12,$-1,$7,$-3,$0,$-3,$0,$0,$0,$0,$-3,$-11,$1,$0
46,2007-03-31,867.0,$-13.49,-64.28,$105.77,8.2,$-341.34,0.0,$-95.75,0.0,$0.05B,$0.02B,2.56,$0.05B,$-0.01B,-7.88,$0.04B,$0.04B,100.00%,$0.04B,$-0.04B,-108.33%,$0.04B,$-0.04B,-108.33%,$0.04B,$-0.03B,-86.11%,$0.04B,$-0.05B,-130.56%,$0.04B,$-0.05B,-130.56%,$-0.05B,$-0.01B,170.91%,$-0.05B,$-0.01B,170.91%,$-0.05B,$0.07B,-66.20%,$-0.04B,$0.04B,-85.25%,$12,$0,$12,$16,$5,$21,$-9,$-7,$-16,$0,$-16,$-16,$-16,$-7,$-9,$0,0,$-41.98,$-41.98,$35,$0,$0,$46,$23,$0,$0,$1,$24,$70,$18,$47,$0,$58,$76,$0,$-743,$-0,$-6,$70,$-16,$2,$2,$3,$6,$0,$0,$-1,$3,$-9,$-2,$0,$0,$0,$2,$2,$3,$3,$-5,$0,$-5,$0,$0,$0,$0,$-5,$-10,$1,$0
47,2006-12-31,660.0,$-108.54,-6.08,$93.25,7.08,$-371.34,0.0,$-122.74,0.0,$0.06B,$0.02B,3.03,$0.10B,$-0.04B,-2.57,$0.03B,$0.03B,100.00%,$0.03B,$-0.04B,-140.00%,$0.03B,$-0.04B,-140.00%,$0.03B,$-0.03B,-113.33%,$0.03B,$-0.05B,-173.33%,$0.03B,$-0.05B,-173.33%,$-0.05B,$-0.04B,161.24%,$-0.05B,$-0.04B,161.24%,$-0.05B,$0.09B,-72.98%,$-0.04B,$0.06B,-86.15%,$9,$0,$9,$15,$4,$20,$-11,$-4,$-14,$0,$-14,$-14,$-14,$-8,$-11,$0,0,$-41.98,$-41.98,$51,$0,$1,$64,$22,$0,$0,$3,$26,$90,$21,$98,$0,$107,$128,$0,$-728,$-0,$-38,$90,$-52,$6,$10,$16,$-7,$0,$-1,$9,$2,$-33,$-9,$0,$0,$0,$4,$4,$-4,$-8,$49,$0,$49,$0,$0,$0,$0,$49,$7,$1,$0
