,Date,Stock Price,Book Value per Share,Price to Book Ratio,TTM Sales per Share,Price to Sales Ratio,TTM FCF per Share,Price to FCF Ratio,TTM Net EPS,PE Ratio,Current Assets,Current Liabilities,Current Ratio,Long Term Debt,Shareholder's Equity_x,Debt to Equity Ratio,TTM Revenue_x,TTM Gross Profit,Gross Margin,TTM Revenue_y,TTM Operating Income,Operating Margin,TTM Revenue_x,TTM EBIT,EBIT Margin,TTM Revenue_y,TTM EBITDA,EBITDA Margin,TTM Revenue_x,TTM Pre-Tax Income,Pre-Tax Margin,TTM Revenue_y,TTM Net Income_x,Net Margin,TTM Net Income_y,Shareholder's Equity_y,Return on Equity,TTM Net Income_x,Tangible Equity,Return on Tangible Equity,TTM Net Income_y,Total Assets,Return on Assets,TTM Net Income,LT Investments & Debt,Return on Investment,revenue,cost-goods-sold,gross-profit,research-development-expenses,selling-general-administrative-expenses,operating-expenses,operating-income,total-non-operating-income-expense,pre-tax-income,total-provision-income-taxes,income-after-taxes,income-from-continuous-operations,net-income,ebitda,ebit,basic-shares-outstanding,shares-outstanding,eps-basic-net-earnings-per-share,eps-earnings-per-share-diluted,cash-on-hand,inventory,other-current-assets,total-current-assets,net-property-plant-equipment,long-term-investments,goodwill-intangible-assets-total,other-long-term-assets,total-long-term-assets,total-assets,total-current-liabilities,long-term-debt,other-non-current-liabilities,total-long-term-liabilities,total-liabilities,common-stock-net,retained-earnings-accumulated-deficit,comprehensive-income,total-share-holder-equity,total-liabilities-share-holders-equity,net-income-loss,total-depreciation-amortization-cash-flow,other-non-cash-items,total-non-cash-items,change-in-accounts-receivable,change-in-inventories,change-in-accounts-payable,change-in-assets-liabilities,total-change-in-assets-liabilities,cash-flow-from-operating-activities,net-change-in-property-plant-equipment,net-change-in-intangible-assets,net-acquisitions-divestitures,net-change-in-short-term-investments,net-change-in-long-term-investments,net-change-in-investments-total,investing-activities-other,cash-flow-from-investing-activities,net-long-term-debt,net-current-debt,debt-issuance-retirement-net-total,net-common-equity-issued-repurchased,net-total-equity-issued-repurchased,total-common-preferred-stock-dividends-paid,financial-activities-other,cash-flow-from-financial-activities,net-cash-flow,stock-based-compensation,common-stock-dividends-paid
0,2018-09-30,17.22,$4.05,4.25,$1.55,11.1,$-3.06,0.0,$-1.07,0.0,$0.31B,$0.09B,3.36,$0.18B,$0.56B,0.33,$0.19B,$0.13B,67.01%,$0.19B,$-0.20B,-100.52%,$0.19B,$-0.20B,-100.52%,$0.19B,$-0.13B,-64.95%,$0.19B,$-0.23B,-117.01%,$0.19B,$-0.20B,-100.52%,$-0.20B,$0.56B,-33.87%,$-0.20B,$0.19B,-98.11%,$-0.20B,$0.98B,-21.98%,$-0.20B,$0.74B,-31.09%,$32,$15,$17,$45,$39,$99,$-66,$-7,$-73,$-14,$-59,$-59,$-57,$-49,$-66,$130,130,$-0.44,$-0.44,$254,$18,$1,$310,$123,$180,$365,$2,$670,$980,$92,$183,$3,$333,$425,$0,$-990,$-23,$555,$980,$-173,$55,$28,$82,$6,$3,$-1,$-23,$4,$-87,$-28,$0,$16,$0,$-172,$-172,$3,$-182,$194,$-0,$193,$89,$89,$0,$0,$283,$14,$37,$0
1,2018-06-30,13.94,$4.38,3.18,$1.68,8.29,$-3.01,0.0,$-1.40,0.0,$0.15B,$0.08B,1.78,$0.01B,$0.57B,0.01,$0.21B,$0.14B,69.23%,$0.21B,$-0.17B,-83.65%,$0.21B,$-0.17B,-83.65%,$0.21B,$-0.12B,-55.77%,$0.21B,$-0.20B,-94.23%,$0.21B,$-0.18B,-85.58%,$-0.18B,$0.57B,-30.94%,$-0.18B,$0.20B,-95.06%,$-0.18B,$0.83B,-20.54%,$-0.17B,$0.57B,-29.86%,$45,$19,$27,$42,$34,$95,$-50,$-18,$-68,$-1,$-67,$-67,$-65,$-22,$-50,$129,129,$-0.51,$-0.51,$86,$20,$2,$148,$119,$184,$371,$4,$677,$825,$83,$7,$3,$175,$258,$0,$-933,$-22,$567,$825,$-114,$37,$24,$61,$3,$0,$-1,$-14,$-5,$-58,$-21,$0,$0,$-0,$-2,$-2,$3,$-21,$-0,$0,$0,$89,$89,$0,$-0,$89,$10,$26,$0
2,2018-03-31,15.33,$4.91,3.12,$1.79,8.58,$-2.94,0.0,$-1.05,0.0,$0.19B,$0.08B,2.45,$0.01B,$0.63B,0.01,$0.22B,$0.16B,71.43%,$0.22B,$-0.16B,-73.27%,$0.22B,$-0.16B,-73.27%,$0.22B,$-0.13B,-59.91%,$0.22B,$-0.15B,-68.20%,$0.22B,$-0.13B,-60.83%,$-0.13B,$0.63B,-22.90%,$-0.13B,$0.25B,-73.54%,$-0.13B,$0.90B,-14.77%,$-0.16B,$0.64B,-27.23%,$40,$15,$24,$37,$40,$92,$-53,$1,$-51,$-4,$-47,$-47,$-46,$-43,$-53,$128,128,$-0.36,$-0.36,$127,$20,$3,$188,$119,$198,$387,$4,$708,$896,$77,$7,$4,$185,$262,$0,$-867,$-10,$634,$896,$-47,$9,$8,$18,$6,$0,$-1,$-8,$-0,$-30,$-11,$0,$0,$0,$0,$0,$3,$-7,$-0,$0,$-0,$88,$88,$0,$0,$88,$52,$14,$0
3,2017-12-31,11.52,$4.48,2.57,$1.93,5.97,$-2.88,0.0,$-0.98,0.0,$0.15B,$0.08B,1.92,$0.01B,$0.55B,0.01,$0.23B,$0.17B,73.16%,$0.23B,$-0.14B,-59.31%,$0.23B,$-0.14B,-59.31%,$0.23B,$-0.11B,-47.19%,$0.23B,$-0.13B,-56.28%,$0.23B,$-0.12B,-50.65%,$-0.12B,$0.55B,-21.06%,$-0.12B,$0.16B,-73.13%,$-0.12B,$0.85B,-13.02%,$-0.14B,$0.55B,-24.33%,$77,$15,$62,$39,$33,$103,$-26,$-8,$-35,$-1,$-34,$-34,$-27,$-12,$-26,$120,120,$-0.23,$-0.23,$81,$20,$5,$154,$113,$190,$386,$4,$693,$847,$80,$8,$3,$220,$300,$0,$-848,$-16,$547,$847,$-127,$29,$68,$97,$2,$1,$-4,$-75,$-75,$-104,$-45,$0,$-12,$-2,$162,$160,$2,$104,$-0,$-1,$-1,$15,$15,$0,$-10,$4,$6,$53,$0
4,2017-09-30,19.01,$4.59,4.15,$1.68,11.33,$-2.38,0.0,$-1.12,0.0,$0.18B,$0.09B,2.05,$0.01B,$0.55B,0.01,$0.20B,$0.14B,69.50%,$0.20B,$-0.14B,-72.00%,$0.20B,$-0.14B,-72.00%,$0.20B,$-0.11B,-54.50%,$0.20B,$-0.14B,-70.00%,$0.20B,$-0.13B,-67.00%,$-0.13B,$0.55B,-23.89%,$-0.13B,$0.15B,-80.48%,$-0.13B,$0.90B,-14.50%,$-0.14B,$0.56B,-25.32%,$46,$15,$31,$36,$39,$91,$-45,$3,$-42,$-1,$-41,$-41,$-40,$-39,$-45,$121,121,$-0.33,$-0.33,$116,$18,$0,$180,$103,$198,$408,$10,$719,$898,$88,$8,$6,$257,$345,$0,$-821,$-17,$553,$898,$-93,$14,$38,$52,$2,$3,$-3,$-35,$-29,$-70,$-31,$0,$-12,$-1,$126,$125,$-1,$80,$-0,$-1,$-1,$1,$1,$0,$-10,$-9,$2,$40,$0
5,2017-06-30,24.09,$4.75,5.07,$1.71,14.09,$-1.98,0.0,$-1.03,0.0,$0.23B,$0.10B,2.45,$0.01B,$0.57B,0.01,$0.20B,$0.14B,69.95%,$0.20B,$-0.13B,-63.05%,$0.20B,$-0.13B,-63.05%,$0.20B,$-0.09B,-45.81%,$0.20B,$-0.13B,-63.05%,$0.20B,$-0.12B,-60.59%,$-0.12B,$0.57B,-21.40%,$-0.12B,$0.17B,-67.31%,$-0.12B,$0.93B,-12.93%,$-0.13B,$0.58B,-21.97%,$54,$17,$38,$34,$39,$90,$-35,$15,$-20,$-1,$-20,$-20,$-19,$-36,$-35,$120,120,$-0.16,$-0.16,$164,$19,$0,$234,$93,$191,$405,$11,$700,$934,$96,$8,$5,$267,$362,$0,$-781,$-24,$572,$934,$-52,$8,$22,$30,$-3,$2,$-4,$-25,$-26,$-48,$-17,$0,$-12,$-2,$84,$82,$0,$52,$0,$-1,$-1,$1,$1,$0,$-3,$-3,$2,$26,$0
6,2017-03-31,19.82,$4.60,4.31,$1.70,11.66,$-1.66,0.0,$-1.29,0.0,$0.28B,$0.09B,3.11,$0.01B,$0.55B,0.01,$0.20B,$0.14B,68.81%,$0.20B,$-0.12B,-57.43%,$0.20B,$-0.12B,-57.43%,$0.20B,$-0.05B,-24.75%,$0.20B,$-0.16B,-78.71%,$0.20B,$-0.15B,-75.74%,$-0.15B,$0.55B,-25.99%,$-0.15B,$0.17B,-77.66%,$-0.15B,$0.92B,-15.68%,$-0.12B,$0.56B,-19.44%,$54,$16,$38,$34,$35,$85,$-31,$-2,$-33,$-1,$-32,$-32,$-31,$-22,$-31,$119,119,$-0.26,$-0.26,$212,$19,$0,$282,$68,$180,$381,$5,$634,$916,$91,$8,$4,$275,$366,$0,$-762,$-33,$550,$916,$-32,$9,$12,$21,$-2,$2,$-1,$-13,$-13,$-25,$-6,$0,$0,$0,$40,$41,$0,$35,$0,$-0,$-0,$0,$0,$0,$-3,$-3,$7,$11,$0
7,2016-12-31,24.04,$4.80,5.01,$1.62,14.84,$-1.46,0.0,$-1.58,0.0,$0.32B,$0.10B,3.33,$0.01B,$0.57B,0.01,$0.19B,$0.13B,67.54%,$0.19B,$-0.13B,-65.97%,$0.19B,$-0.13B,-65.97%,$0.19B,$-0.04B,-20.94%,$0.19B,$-0.19B,-101.57%,$0.19B,$-0.19B,-97.38%,$-0.19B,$0.57B,-30.00%,$-0.19B,$0.19B,-85.13%,$-0.19B,$0.95B,-18.84%,$-0.13B,$0.58B,-20.07%,$46,$14,$32,$29,$35,$79,$-33,$-13,$-45,$-1,$-45,$-45,$-44,$-12,$-33,$118,118,$-0.37,$-0.37,$244,$21,$0,$315,$65,$183,$383,$4,$634,$949,$95,$8,$4,$285,$380,$0,$-729,$-36,$569,$949,$-190,$85,$68,$152,$10,$4,$4,$-32,$-18,$-56,$-31,$0,$-7,$-3,$13,$10,$0,$-28,$-1,$0,$-0,$19,$19,$0,$-7,$12,$-73,$53,$0
8,2016-09-30,27.73,$5.14,5.4,$1.60,17.29,$-0.51,0.0,$-1.49,0.0,$0.32B,$0.10B,3.15,$0.01B,$0.61B,0.01,$0.19B,$0.12B,66.67%,$0.19B,$-0.13B,-68.28%,$0.19B,$-0.13B,-68.28%,$0.19B,$-0.06B,-31.72%,$0.19B,$-0.18B,-97.85%,$0.19B,$-0.18B,-94.09%,$-0.18B,$0.61B,-26.76%,$-0.18B,$0.21B,-71.43%,$-0.18B,$1.01B,-17.58%,$-0.13B,$0.62B,-19.20%,$49,$15,$34,$29,$34,$78,$-29,$-2,$-30,$-0,$-30,$-30,$-29,$-23,$-29,$118,118,$-0.24,$-0.24,$244,$22,$0,$316,$54,$233,$398,$3,$689,$1006,$101,$8,$3,$297,$397,$0,$-685,$-25,$608,$1006,$-145,$64,$52,$116,$10,$5,$3,$-20,$-3,$-32,$-20,$0,$-7,$-78,$60,$-18,$0,$-45,$-0,$-0,$-0,$18,$18,$0,$-7,$11,$-66,$39,$0
9,2016-06-30,24.35,$5.31,4.58,$1.67,14.62,$0.05,487.02,$-1.59,0.0,$0.35B,$0.10B,3.62,$0.01B,$0.63B,0.01,$0.19B,$0.13B,66.84%,$0.19B,$-0.11B,-55.79%,$0.19B,$-0.11B,-55.79%,$0.19B,$-0.01B,-4.74%,$0.19B,$-0.19B,-101.05%,$0.19B,$-0.18B,-96.84%,$-0.18B,$0.63B,-26.88%,$-0.18B,$0.22B,-68.40%,$-0.18B,$1.03B,-18.56%,$-0.11B,$0.64B,-15.32%,$53,$17,$35,$28,$30,$76,$-23,$-27,$-51,$-1,$-50,$-50,$-49,$7,$-23,$118,118,$-0.42,$-0.42,$271,$24,$0,$346,$47,$232,$406,$1,$685,$1031,$95,$8,$10,$307,$403,$0,$-656,$-22,$628,$1031,$-115,$58,$35,$93,$7,$2,$3,$-2,$6,$-16,$-10,$0,$-7,$-1,$37,$36,$0,$19,$-1,$-0,$-1,$18,$18,$0,$0,$17,$19,$26,$0
10,2016-03-31,33.53,$5.74,5.84,$1.63,20.55,$-0.06,0.0,$-1.54,0.0,$0.34B,$0.08B,4.32,$0.01B,$0.68B,0.01,$0.18B,$0.12B,65.38%,$0.18B,$-0.10B,-54.95%,$0.18B,$-0.10B,-54.95%,$0.18B,$-0.01B,-4.95%,$0.18B,$-0.18B,-100.00%,$0.18B,$-0.18B,-96.70%,$-0.18B,$0.68B,-27.11%,$-0.18B,$0.26B,-66.48%,$-0.18B,$0.96B,-18.89%,$-0.10B,$0.68B,-15.23%,$43,$15,$28,$26,$43,$84,$-41,$-27,$-68,$-2,$-65,$-65,$-64,$-12,$-41,$117,117,$-0.55,$-0.55,$260,$25,$0,$337,$45,$158,$420,$3,$626,$962,$78,$8,$10,$210,$288,$0,$-607,$-11,$675,$962,$-65,$28,$21,$49,$10,$1,$3,$4,$12,$-4,$-4,$0,$-7,$0,$15,$15,$0,$4,$-0,$-0,$-0,$10,$10,$0,$0,$10,$10,$16,$0
11,2015-12-31,29.83,$6.04,4.94,$1.57,18.97,$-0.14,0.0,$-0.74,0.0,$0.32B,$0.08B,4.27,$0.01B,$0.71B,0.01,$0.17B,$0.11B,64.16%,$0.17B,$-0.15B,-84.39%,$0.17B,$-0.15B,-84.39%,$0.17B,$-0.20B,-113.29%,$0.17B,$-0.09B,-50.29%,$0.17B,$-0.09B,-49.13%,$-0.09B,$0.71B,-13.20%,$-0.09B,$0.29B,-27.78%,$-0.09B,$0.98B,-9.48%,$-0.15B,$0.71B,-22.41%,$41,$15,$27,$26,$35,$76,$-34,$1,$-33,$0,$-33,$-33,$-33,$-31,$-34,$111,111,$-0.31,$-0.30,$238,$27,$0,$324,$43,$199,$413,$4,$658,$982,$76,$8,$9,$201,$277,$0,$-543,$-13,$705,$982,$-88,$-48,$113,$65,$-18,$-1,$-3,$69,$59,$36,$-12,$0,$-124,$-1,$-124,$-125,$2,$-259,$-1,$-2,$-3,$343,$343,$0,$-8,$332,$108,$41,$0
12,2015-09-30,31.47,$6.27,5.02,$1.51,20.8,$-0.61,0.0,$-0.28,0.0,$0.30B,$0.08B,3.92,$0.01B,$0.73B,0.01,$0.16B,$0.10B,62.58%,$0.16B,$-0.13B,-80.37%,$0.16B,$-0.13B,-80.37%,$0.16B,$-0.22B,-134.36%,$0.16B,$-0.04B,-22.09%,$0.16B,$-0.03B,-20.25%,$-0.03B,$0.73B,-5.79%,$-0.03B,$0.31B,-11.24%,$-0.03B,$0.99B,-4.15%,$-0.13B,$0.74B,-22.66%,$53,$17,$37,$22,$23,$61,$-8,$-32,$-40,$-1,$-39,$-39,$-38,$27,$-8,$112,112,$-0.34,$-0.34,$216,$22,$0,$302,$42,$217,$423,$5,$687,$990,$77,$8,$10,$183,$260,$0,$-510,$-5,$730,$990,$-55,$-52,$96,$44,$-17,$3,$-4,$44,$34,$23,$-9,$0,$-114,$0,$-133,$-133,$-0,$-257,$-1,$-2,$-3,$340,$340,$0,$-6,$331,$98,$27,$0
13,2015-06-30,48.29,$4.44,10.88,$1.25,38.65,$-0.90,0.0,$-0.47,0.0,$0.36B,$0.12B,2.93,$0.01B,$0.49B,0.02,$0.13B,$0.08B,61.07%,$0.13B,$-0.14B,-105.34%,$0.13B,$-0.14B,-105.34%,$0.13B,$-0.22B,-168.70%,$0.13B,$-0.05B,-38.17%,$0.13B,$-0.05B,-36.64%,$-0.05B,$0.49B,-9.95%,$-0.05B,$0.21B,-17.76%,$-0.05B,$0.79B,-7.04%,$-0.14B,$0.50B,-28.11%,$45,$18,$27,$20,$24,$62,$-17,$-23,$-41,$1,$-41,$-41,$-41,$7,$-17,$109,109,$-0.37,$-0.37,$166,$27,$0,$360,$41,$105,$281,$6,$433,$793,$123,$8,$14,$183,$306,$0,$-472,$-2,$487,$793,$-16,$-87,$85,$-2,$-127,$-1,$57,$55,$-12,$-30,$-7,$0,$-40,$0,$30,$30,$-2,$-18,$-1,$-1,$-2,$120,$120,$0,$0,$118,$71,$19,$0
14,2015-03-31,44.89,$6.02,7.46,$0.96,46.86,$-0.64,0.0,$-0.63,0.0,$0.24B,$0.05B,4.9,$0.01B,$0.65B,0.01,$0.10B,$0.07B,66.33%,$0.10B,$-0.14B,-141.84%,$0.10B,$-0.14B,-141.84%,$0.10B,$-0.21B,-214.29%,$0.10B,$-0.06B,-63.27%,$0.10B,$-0.06B,-60.20%,$-0.06B,$0.65B,-12.90%,$-0.06B,$0.42B,-19.95%,$-0.06B,$0.82B,-9.69%,$-0.14B,$0.66B,-29.91%,$34,$14,$20,$79,$28,$121,$-87,$114,$27,$1,$26,$26,$27,$-199,$-87,$106,108,$0.26,$0.25,$181,$26,$0,$239,$38,$307,$233,$3,$581,$820,$49,$8,$14,$118,$167,$0,$-431,$-3,$653,$820,$26,$-112,$74,$-38,$2,$-0,$1,$-4,$-1,$-13,$-3,$0,$-30,$0,$8,$8,$-2,$-26,$-0,$-2,$-2,$113,$113,$0,$0,$111,$72,$11,$0
15,2014-12-31,27.24,$4.07,6.69,$0.72,37.63,$-0.43,0.0,$-0.84,0.0,$0.18B,$0.05B,3.68,$0.01B,$0.41B,0.02,$0.07B,$0.05B,73.61%,$0.07B,$-0.07B,-97.22%,$0.07B,$-0.07B,-97.22%,$0.07B,$-0.05B,-68.06%,$0.07B,$-0.09B,-118.06%,$0.07B,$-0.08B,-113.89%,$-0.08B,$0.41B,-20.39%,$-0.08B,$0.24B,-29.44%,$-0.08B,$0.58B,-15.16%,$-0.07B,$0.42B,-17.17%,$31,$13,$18,$18,$20,$50,$-19,$37,$18,$-0,$18,$18,$19,$-54,$-19,$99,99,$0.19,$0.19,$116,$26,$0,$175,$38,$195,$167,$1,$401,$576,$47,$9,$14,$120,$167,$0,$-458,$-0,$409,$576,$-86,$22,$31,$53,$-2,$-7,$0,$20,$12,$-20,$-6,$0,$-68,$-62,$110,$48,$0,$-26,$-0,$-2,$-2,$26,$26,$0,$-0,$24,$-22,$22,$0
16,2014-09-30,18.38,$3.78,4.86,$0.58,31.43,$-1.51,0.0,$-1.15,0.0,$0.18B,$0.04B,4.62,$0.01B,$0.38B,0.03,$0.05B,$0.04B,87.50%,$0.05B,$-0.07B,-143.75%,$0.05B,$-0.07B,-143.75%,$0.05B,$-0.02B,-31.25%,$0.05B,$-0.12B,-241.67%,$0.05B,$-0.11B,-229.17%,$-0.11B,$0.38B,-27.83%,$-0.11B,$0.21B,-36.73%,$-0.11B,$0.54B,-21.39%,$-0.07B,$0.39B,-17.29%,$21,$7,$15,$15,$15,$36,$-15,$-39,$-54,$0,$-54,$-54,$-53,$25,$-15,$100,100,$-0.53,$-0.53,$123,$17,$0,$181,$36,$153,$167,$1,$357,$539,$39,$9,$14,$119,$159,$0,$-477,$0,$380,$539,$-104,$57,$21,$78,$-2,$1,$-1,$18,$15,$-11,$-5,$0,$-67,$0,$36,$36,$0,$-36,$0,$-4,$-3,$26,$26,$0,$-0,$23,$-25,$15,$0
17,2014-06-30,24.87,$3.92,6.34,$0.48,51.77,$-2.14,0.0,$-0.47,0.0,$0.19B,$0.02B,9.1,$0.00B,$0.39B,0.01,$0.03B,$0.03B,100.00%,$0.03B,$-0.07B,-200.00%,$0.03B,$-0.07B,-200.00%,$0.03B,$-0.08B,-233.33%,$0.03B,$-0.05B,-142.42%,$0.03B,$-0.05B,-148.48%,$-0.05B,$0.39B,-12.31%,$-0.05B,$0.31B,-14.85%,$-0.05B,$0.50B,-9.84%,$-0.07B,$0.39B,-16.49%,$12,$0,$12,$14,$15,$30,$-18,$-35,$-53,$-0,$-53,$-53,$-52,$18,$-18,$99,99,$-0.53,$-0.53,$176,$0,$0,$188,$17,$213,$80,$1,$312,$501,$21,$2,$1,$91,$112,$0,$-424,$0,$388,$501,$-50,$16,$14,$31,$-3,$0,$0,$20,$15,$-4,$-4,$0,$-5,$0,$12,$12,$0,$3,$0,$0,$0,$26,$26,$0,$-0,$26,$25,$11,$0
