,Date,Stock Price,Book Value per Share,Price to Book Ratio,TTM Sales per Share,Price to Sales Ratio,TTM FCF per Share,Price to FCF Ratio,TTM Net EPS,PE Ratio,Current Assets,Current Liabilities,Current Ratio,Long Term Debt,Shareholder's Equity_x,Debt to Equity Ratio,TTM Revenue_x,TTM Gross Profit,Gross Margin,TTM Revenue_y,TTM Operating Income,Operating Margin,TTM Revenue_x,TTM EBIT,EBIT Margin,TTM Revenue_y,TTM EBITDA,EBITDA Margin,TTM Revenue_x,TTM Pre-Tax Income,Pre-Tax Margin,TTM Revenue_y,TTM Net Income_x,Net Margin,TTM Net Income_y,Shareholder's Equity_y,Return on Equity,TTM Net Income_x,Tangible Equity,Return on Tangible Equity,TTM Net Income_y,Total Assets,Return on Assets,TTM Net Income,LT Investments & Debt,Return on Investment,revenue,cost-goods-sold,gross-profit,research-development-expenses,selling-general-administrative-expenses,operating-expenses,operating-income,total-non-operating-income-expense,pre-tax-income,total-provision-income-taxes,income-after-taxes,income-from-continuous-operations,net-income,ebitda,ebit,basic-shares-outstanding,shares-outstanding,eps-basic-net-earnings-per-share,eps-earnings-per-share-diluted,cash-on-hand,inventory,other-current-assets,total-current-assets,net-property-plant-equipment,long-term-investments,goodwill-intangible-assets-total,other-long-term-assets,total-long-term-assets,total-assets,total-current-liabilities,long-term-debt,other-non-current-liabilities,total-long-term-liabilities,total-liabilities,common-stock-net,retained-earnings-accumulated-deficit,comprehensive-income,total-share-holder-equity,total-liabilities-share-holders-equity,net-income-loss,total-depreciation-amortization-cash-flow,other-non-cash-items,total-non-cash-items,change-in-accounts-receivable,change-in-inventories,change-in-accounts-payable,change-in-assets-liabilities,total-change-in-assets-liabilities,cash-flow-from-operating-activities,net-change-in-property-plant-equipment,net-change-in-intangible-assets,net-acquisitions-divestitures,net-change-in-short-term-investments,net-change-in-long-term-investments,net-change-in-investments-total,investing-activities-other,cash-flow-from-investing-activities,net-long-term-debt,net-current-debt,debt-issuance-retirement-net-total,net-common-equity-issued-repurchased,net-total-equity-issued-repurchased,total-common-preferred-stock-dividends-paid,financial-activities-other,cash-flow-from-financial-activities,net-cash-flow,stock-based-compensation,common-stock-dividends-paid
0,2018-09-30,14.85,$11.13,1.33,$6.68,2.22,$5.12,2.9,$-1.58,0.0,$0.30B,$0.04B,7.36,$0.48B,$0.54B,0.89,$0.33B,$0.32B,96.35%,$0.33B,$-0.06B,-17.02%,$0.33B,$-0.06B,-17.02%,$0.33B,$0.06B,19.15%,$0.33B,$-0.08B,-22.80%,$0.33B,$-0.08B,-23.40%,$-0.08B,$0.54B,-14.27%,$-0.08B,$-0.20B,32.35%,$-0.08B,$1.14B,-6.63%,$-0.06B,$1.02B,-5.40%,$72,$5,$67,$24,$28,$92,$-20,$-5,$-24,$-3,$-22,$-22,$-22,$10,$-20,$49,49,$-0.44,$-0.44,$105,$0,$17,$303,$32,$0,$740,$5,$837,$1140,$41,$482,$17,$557,$598,$0,$180,$-0,$542,$1140,$-83,$89,$1,$90,$-10,$0,$-1,$91,$61,$69,$-2,$-3,$-1,$8,$0,$8,$0,$2,$-100,$0,$-100,$-27,$-27,$-30,$0,$-157,$-86,$22,$-30
1,2018-06-30,15.91,$11.67,1.36,$6.99,2.27,$5.45,2.92,$-1.38,0.0,$0.31B,$0.04B,7.92,$0.48B,$0.57B,0.84,$0.35B,$0.34B,97.40%,$0.35B,$-0.05B,-13.29%,$0.35B,$-0.05B,-13.29%,$0.35B,$0.07B,21.10%,$0.35B,$-0.07B,-19.65%,$0.35B,$-0.07B,-19.36%,$-0.07B,$0.57B,-13.05%,$-0.07B,$-0.19B,23.08%,$-0.07B,$1.17B,-5.81%,$-0.05B,$1.05B,-4.45%,$64,$2,$62,$25,$30,$92,$-28,$-4,$-32,$-3,$-28,$-28,$-28,$2,$-28,$49,49,$-0.58,$-0.58,$95,$0,$16,$306,$33,$0,$764,$5,$867,$1173,$39,$481,$18,$563,$602,$0,$212,$-0,$571,$1173,$-61,$60,$0,$60,$-3,$0,$-1,$70,$41,$39,$-2,$-0,$-1,$23,$0,$23,$0,$20,$-100,$0,$-100,$-22,$-22,$-20,$0,$-142,$-82,$15,$-20
2,2018-03-31,20.69,$12.40,1.67,$7.54,2.75,$5.58,3.71,$-1.59,0.0,$0.33B,$0.05B,7.13,$0.48B,$0.61B,0.79,$0.37B,$0.37B,97.86%,$0.37B,$-0.02B,-6.43%,$0.37B,$-0.02B,-6.43%,$0.37B,$0.10B,26.01%,$0.37B,$-0.05B,-13.14%,$0.37B,$-0.08B,-20.91%,$-0.08B,$0.61B,-16.09%,$-0.08B,$-0.18B,22.54%,$-0.08B,$1.23B,-6.84%,$-0.02B,$1.09B,-2.33%,$66,$2,$63,$27,$35,$98,$-32,$-3,$-36,$-3,$-33,$-33,$-33,$-3,$-32,$49,49,$-0.67,$-0.67,$81,$0,$17,$326,$33,$0,$790,$5,$900,$1226,$46,$480,$17,$570,$616,$0,$250,$-1,$610,$1226,$-33,$30,$1,$31,$-7,$0,$-1,$33,$7,$5,$-1,$0,$0,$16,$0,$16,$0,$16,$-100,$0,$-100,$-14,$-14,$-10,$0,$-124,$-103,$7,$-10
3,2017-12-31,23.66,$8.87,2.67,$7.58,3.12,$5.87,4.03,$-1.14,0.0,$0.25B,$0.10B,2.54,$0.55B,$0.44B,1.25,$0.37B,$0.37B,98.40%,$0.37B,$-0.03B,-8.56%,$0.37B,$-0.03B,-8.56%,$0.37B,$0.09B,24.33%,$0.37B,$-0.06B,-15.78%,$0.37B,$-0.06B,-14.97%,$-0.06B,$0.44B,-12.27%,$-0.06B,$-0.38B,13.94%,$-0.06B,$1.11B,-5.00%,$-0.03B,$0.98B,-3.12%,$127,$2,$125,$28,$36,$103,$24,$-7,$17,$11,$6,$6,$6,$54,$24,$49,49,$0.10,$0.10,$201,$0,$17,$246,$34,$0,$817,$10,$865,$1110,$97,$545,$17,$578,$674,$0,$69,$-0,$436,$1110,$-57,$122,$17,$138,$-4,$0,$-3,$53,$66,$147,$-3,$-0,$0,$-16,$0,$-16,$0,$-19,$-6,$0,$-6,$-10,$-10,$-40,$0,$-56,$73,$33,$-40
4,2017-09-30,24.29,$8.85,2.74,$6.40,3.79,$5.94,4.09,$-1.44,0.0,$0.19B,$0.06B,3.15,$0.58B,$0.44B,1.32,$0.32B,$0.31B,98.74%,$0.32B,$-0.06B,-19.56%,$0.32B,$-0.06B,-19.56%,$0.32B,$0.04B,13.88%,$0.32B,$-0.08B,-26.18%,$0.32B,$-0.07B,-22.40%,$-0.07B,$0.44B,-14.96%,$-0.07B,$-0.41B,17.30%,$-0.07B,$1.10B,-6.24%,$-0.06B,$1.01B,-5.90%,$89,$2,$87,$26,$34,$98,$-10,$-7,$-17,$-4,$-12,$-12,$-12,$20,$-10,$49,49,$-0.24,$-0.24,$149,$0,$17,$194,$36,$0,$843,$27,$906,$1100,$62,$575,$18,$602,$664,$0,$73,$-0,$436,$1100,$-62,$92,$1,$93,$-1,$0,$-1,$50,$55,$86,$-2,$0,$0,$-13,$0,$-13,$0,$-16,$-5,$0,$-5,$-5,$-5,$-30,$0,$-39,$31,$24,$-30
5,2017-06-30,28.39,$9.23,3.08,$5.88,4.83,$6.45,4.4,$-0.72,0.0,$0.19B,$0.06B,3.23,$0.58B,$0.46B,1.26,$0.29B,$0.29B,99.31%,$0.29B,$-0.02B,-5.86%,$0.29B,$-0.02B,-5.86%,$0.29B,$0.07B,22.41%,$0.29B,$-0.03B,-10.69%,$0.29B,$-0.04B,-12.07%,$-0.04B,$0.46B,-7.12%,$-0.04B,$-0.42B,17.35%,$-0.04B,$1.13B,-3.52%,$-0.02B,$1.03B,-1.84%,$91,$1,$90,$26,$33,$97,$-6,$-7,$-13,$27,$-39,$-39,$-39,$26,$-6,$49,49,$-0.79,$-0.79,$128,$0,$16,$192,$37,$0,$872,$25,$933,$1125,$59,$575,$18,$609,$669,$0,$95,$-0,$457,$1125,$-50,$62,$-1,$61,$-17,$0,$-1,$47,$35,$46,$-2,$0,$0,$-6,$0,$-6,$0,$-8,$-3,$0,$-3,$2,$2,$-20,$0,$-20,$17,$16,$-20
6,2017-03-31,32.14,$10.06,3.2,$5.39,5.96,$6.99,4.6,$0.55,58.44,$0.17B,$0.05B,3.3,$0.58B,$0.50B,1.16,$0.27B,$0.27B,99.62%,$0.27B,$0.02B,8.65%,$0.27B,$0.02B,8.65%,$0.27B,$0.08B,30.08%,$0.27B,$0.02B,6.39%,$0.27B,$0.03B,10.15%,$0.03B,$0.50B,5.41%,$0.03B,$-0.40B,981.82%,$0.03B,$1.14B,3.21%,$0.02B,$1.07B,2.92%,$67,$1,$66,$26,$41,$107,$-40,$-6,$-46,$-35,$-11,$-11,$-11,$-9,$-40,$49,49,$-0.22,$-0.22,$114,$0,$15,$170,$38,$0,$900,$36,$974,$1143,$51,$576,$18,$595,$646,$0,$144,$-0,$497,$1143,$-11,$30,$-31,$-0,$-7,$0,$-3,$39,$30,$19,$-1,$0,$0,$-6,$0,$-6,$0,$-6,$-2,$0,$-2,$2,$2,$-10,$0,$-9,$3,$7,$-10
7,2016-12-31,41.62,$10.39,4.0,$5.21,7.99,$7.17,5.81,$1.13,36.83,$0.20B,$0.05B,3.92,$0.58B,$0.51B,1.14,$0.26B,$0.26B,100.00%,$0.26B,$0.09B,34.36%,$0.26B,$0.09B,34.36%,$0.26B,$0.12B,47.49%,$0.26B,$0.09B,34.75%,$0.26B,$0.06B,21.62%,$0.06B,$0.51B,11.26%,$0.06B,$-0.42B,27.42%,$0.06B,$1.19B,8.20%,$0.09B,$1.09B,13.87%,$70,$0,$70,$16,$37,$76,$-6,$-1,$-7,$3,$-9,$-9,$-9,$7,$-6,$49,50,$-0.19,$-0.20,$113,$0,$19,$200,$39,$0,$925,$20,$986,$1186,$51,$577,$18,$628,$679,$0,$164,$-0,$508,$1186,$56,$34,$33,$67,$14,$0,$2,$12,$31,$154,$-4,$-10,$-888,$309,$0,$309,$0,$-592,$583,$0,$583,$-62,$-62,$-39,$0,$482,$43,$21,$-39
8,2016-09-30,36.2,$10.39,3.48,$4.98,7.26,$6.96,5.2,$1.76,20.57,$0.42B,$0.02B,24.34,$0.00B,$0.50B,0.0,$0.25B,$0.25B,100.00%,$0.25B,$0.13B,51.00%,$0.25B,$0.13B,51.00%,$0.25B,$0.16B,62.15%,$0.25B,$0.13B,52.59%,$0.25B,$0.09B,35.06%,$0.09B,$0.50B,17.63%,$0.09B,$0.43B,21.41%,$0.09B,$0.53B,16.89%,$0.13B,$0.50B,25.64%,$62,$0,$62,$9,$12,$28,$35,$1,$35,$12,$24,$24,$24,$41,$35,$49,49,$0.49,$0.48,$396,$0,$25,$423,$0,$0,$77,$18,$101,$525,$17,$0,$0,$3,$20,$0,$183,$0,$504,$525,$65,$22,$25,$47,$-1,$0,$-0,$-1,$-1,$111,$-3,$0,$0,$13,$0,$13,$0,$10,$0,$0,$0,$-64,$-64,$-29,$0,$-93,$28,$11,$-29
9,2016-06-30,28.85,$10.00,2.88,$5.00,5.77,$6.89,4.19,$1.90,15.18,$0.40B,$0.02B,21.86,$0.00B,$0.49B,0.0,$0.26B,$0.26B,100.00%,$0.26B,$0.13B,51.95%,$0.26B,$0.13B,51.95%,$0.26B,$0.16B,62.50%,$0.26B,$0.14B,53.91%,$0.26B,$0.10B,37.50%,$0.10B,$0.49B,19.02%,$0.10B,$0.40B,23.33%,$0.10B,$0.51B,18.20%,$0.13B,$0.49B,26.35%,$67,$0,$67,$10,$11,$33,$34,$1,$35,$11,$23,$23,$23,$41,$34,$49,49,$0.48,$0.48,$372,$0,$24,$398,$0,$0,$83,$18,$110,$507,$18,$0,$0,$3,$22,$0,$169,$0,$486,$507,$42,$15,$15,$29,$0,$0,$0,$0,$2,$73,$-2,$0,$0,$31,$0,$31,$0,$28,$0,$0,$0,$-61,$-61,$-20,$0,$-80,$21,$8,$-20
10,2016-03-31,29.19,$9.99,2.92,$4.86,6.01,$6.78,4.31,$1.91,15.28,$0.39B,$0.02B,22.18,$0.00B,$0.49B,0.0,$0.25B,$0.25B,100.00%,$0.25B,$0.14B,53.75%,$0.25B,$0.14B,53.75%,$0.25B,$0.16B,63.64%,$0.25B,$0.14B,55.73%,$0.25B,$0.10B,39.13%,$0.10B,$0.49B,19.10%,$0.10B,$0.40B,23.08%,$0.10B,$0.51B,18.26%,$0.14B,$0.49B,26.24%,$60,$0,$60,$10,$11,$34,$26,$1,$27,$9,$18,$18,$18,$34,$26,$50,51,$0.36,$0.36,$363,$0,$26,$393,$0,$0,$89,$18,$120,$513,$18,$0,$0,$3,$21,$0,$155,$0,$492,$513,$18,$8,$6,$14,$-1,$0,$-0,$-1,$-2,$30,$-2,$0,$0,$29,$0,$29,$0,$27,$0,$0,$0,$-36,$-36,$-10,$0,$-46,$11,$4,$-10
11,2015-12-31,28.26,$10.24,2.76,$5.16,5.47,$6.93,4.08,$2.21,12.79,$0.41B,$0.02B,19.81,$0.00B,$0.52B,0.0,$0.27B,$0.27B,100.00%,$0.27B,$0.16B,59.34%,$0.27B,$0.16B,59.34%,$0.27B,$0.18B,67.40%,$0.27B,$0.17B,61.17%,$0.27B,$0.12B,42.86%,$0.12B,$0.52B,22.03%,$0.12B,$0.41B,26.19%,$0.12B,$0.54B,21.04%,$0.16B,$0.52B,30.51%,$62,$0,$62,$8,$11,$28,$33,$1,$35,$12,$23,$23,$23,$40,$33,$52,53,$0.45,$0.46,$382,$0,$28,$412,$4,$0,$105,$3,$128,$539,$21,$0,$3,$3,$24,$0,$147,$-1,$515,$539,$117,$22,$28,$51,$3,$0,$-3,$-13,$-20,$147,$-1,$-8,$-39,$26,$0,$26,$0,$-21,$0,$0,$0,$-113,$-113,$-42,$0,$-154,$-28,$12,$-42
12,2015-09-30,30.52,$10.32,2.96,$5.10,5.98,$7.21,4.24,$2.46,12.41,$0.43B,$0.02B,19.55,$0.00B,$0.53B,0.0,$0.27B,$0.27B,100.00%,$0.27B,$0.18B,64.94%,$0.27B,$0.18B,64.94%,$0.27B,$0.20B,72.32%,$0.27B,$0.18B,66.05%,$0.27B,$0.13B,48.34%,$0.13B,$0.53B,24.37%,$0.13B,$0.43B,28.40%,$0.13B,$0.55B,23.17%,$0.18B,$0.53B,32.74%,$67,$0,$67,$9,$11,$28,$40,$1,$41,$8,$33,$33,$32,$45,$40,$52,53,$0.63,$0.62,$387,$0,$27,$431,$0,$0,$97,$18,$120,$551,$22,$0,$0,$3,$25,$0,$134,$-1,$526,$551,$94,$16,$18,$33,$4,$0,$-3,$-12,$-15,$113,$-1,$-3,$-39,$28,$0,$28,$0,$-14,$0,$0,$0,$-87,$-87,$-31,$1,$-118,$-19,$8,$-31
13,2015-06-30,35.76,$10.36,3.45,$5.57,6.42,$7.22,4.95,$3.88,9.22,$0.48B,$0.02B,19.76,$0.00B,$0.54B,0.0,$0.30B,$0.30B,100.00%,$0.30B,$0.20B,66.67%,$0.30B,$0.20B,66.67%,$0.30B,$0.22B,73.40%,$0.30B,$0.20B,67.34%,$0.30B,$0.21B,70.03%,$0.21B,$0.54B,38.91%,$0.21B,$0.47B,44.88%,$0.21B,$0.57B,36.68%,$0.20B,$0.54B,37.04%,$64,$0,$64,$8,$11,$27,$37,$1,$38,$12,$26,$26,$26,$42,$37,$52,53,$0.50,$0.49,$432,$0,$20,$480,$0,$0,$66,$6,$86,$566,$24,$0,$0,$2,$26,$0,$112,$-1,$540,$566,$62,$10,$12,$22,$-2,$0,$-2,$-3,$-14,$70,$-1,$-3,$0,$-27,$0,$-27,$0,$-31,$0,$0,$0,$-48,$-48,$-21,$1,$-69,$-29,$6,$-21
14,2015-03-31,37.93,$10.34,3.67,$5.06,7.5,$6.70,5.66,$3.46,10.96,$0.47B,$0.02B,20.92,$0.00B,$0.54B,0.0,$0.27B,$0.27B,100.00%,$0.27B,$0.16B,60.00%,$0.27B,$0.16B,60.00%,$0.27B,$0.18B,67.78%,$0.27B,$0.16B,60.37%,$0.27B,$0.19B,68.89%,$0.19B,$0.54B,37.16%,$0.19B,$0.47B,43.61%,$0.19B,$0.57B,34.62%,$0.16B,$0.54B,32.37%,$80,$0,$80,$7,$11,$28,$52,$1,$53,$17,$36,$36,$36,$57,$52,$53,54,$0.68,$0.66,$435,$0,$14,$470,$0,$0,$70,$7,$98,$568,$22,$0,$0,$2,$25,$0,$97,$0,$543,$568,$36,$5,$5,$11,$-0,$0,$-2,$3,$-8,$38,$-0,$-2,$0,$-34,$0,$-34,$0,$-36,$0,$0,$0,$-25,$-25,$-11,$0,$-36,$-34,$2,$-11
15,2014-12-31,33.67,$10.25,3.29,$5.21,6.46,$6.60,5.1,$3.19,10.56,$0.48B,$0.03B,13.98,$0.00B,$0.54B,0.0,$0.28B,$0.28B,100.00%,$0.28B,$0.17B,59.71%,$0.28B,$0.17B,59.71%,$0.28B,$0.19B,66.91%,$0.28B,$0.17B,59.71%,$0.28B,$0.17B,61.51%,$0.17B,$0.54B,35.76%,$0.17B,$0.47B,42.62%,$0.17B,$0.58B,32.85%,$0.17B,$0.54B,34.71%,$60,$0,$60,$7,$11,$13,$47,$0,$47,$11,$36,$36,$37,$52,$47,$53,54,$0.70,$0.68,$434,$0,$17,$476,$4,$0,$73,$3,$102,$577,$34,$0,$2,$2,$36,$0,$72,$-0,$541,$577,$170,$20,$-56,$-36,$-1,$0,$1,$14,$-1,$134,$29,$-6,$-2,$-98,$0,$-98,$0,$-77,$0,$0,$0,$-32,$-32,$-48,$0,$-80,$-23,$13,$-48
16,2014-09-30,25.03,$9.76,2.57,$5.13,4.88,$2.65,9.45,$1.61,15.55,$0.43B,$0.04B,10.79,$0.00B,$0.51B,0.0,$0.27B,$0.27B,99.64%,$0.27B,$0.14B,49.64%,$0.27B,$0.14B,49.64%,$0.27B,$0.16B,59.12%,$0.27B,$0.14B,49.64%,$0.27B,$0.08B,29.20%,$0.08B,$0.51B,17.66%,$0.08B,$0.44B,21.39%,$0.08B,$0.56B,16.08%,$0.14B,$0.51B,30.02%,$93,$0,$93,$9,$12,$31,$62,$0,$62,$-40,$103,$103,$109,$67,$62,$53,53,$2.07,$2.04,$399,$0,$17,$431,$4,$0,$75,$0,$126,$557,$40,$0,$2,$3,$43,$0,$40,$-0,$514,$557,$133,$15,$-47,$-31,$-0,$0,$-1,$13,$6,$108,$6,$-6,$0,$-66,$0,$-66,$0,$-65,$0,$0,$0,$-19,$-19,$-50,$0,$-69,$-26,$10,$-50
17,2014-06-30,20.79,$7.72,2.69,$4.07,5.11,$-0.61,0.0,$-1.74,0.0,$0.36B,$0.04B,9.09,$0.00B,$0.40B,0.0,$0.22B,$0.22B,99.08%,$0.22B,$0.07B,33.49%,$0.22B,$0.07B,33.49%,$0.22B,$0.10B,47.25%,$0.22B,$0.07B,33.49%,$0.22B,$-0.10B,-45.87%,$-0.10B,$0.40B,-22.03%,$-0.10B,$0.33B,-26.99%,$-0.10B,$0.45B,-20.09%,$0.07B,$0.40B,16.08%,$37,$0,$37,$9,$12,$36,$1,$0,$1,$-1,$3,$3,$4,$7,$1,$53,53,$0.07,$0.07,$329,$0,$19,$363,$5,$0,$79,$0,$84,$447,$40,$0,$2,$3,$43,$0,$-64,$0,$404,$447,$25,$10,$4,$14,$-0,$0,$-2,$3,$5,$43,$-1,$-5,$0,$-12,$0,$-12,$0,$-18,$0,$0,$0,$-30,$-30,$-38,$0,$-67,$-42,$6,$-38
18,2014-03-31,22.25,$8.52,2.61,$4.25,5.24,$-2.40,0.0,$-2.11,0.0,$0.41B,$0.04B,9.86,$0.00B,$0.45B,0.0,$0.23B,$0.23B,98.68%,$0.23B,$0.07B,29.39%,$0.23B,$0.07B,29.39%,$0.23B,$0.10B,44.30%,$0.23B,$0.07B,29.82%,$0.23B,$-0.12B,-52.63%,$-0.12B,$0.45B,-24.06%,$-0.12B,$0.37B,-29.21%,$-0.12B,$0.50B,-22.07%,$0.07B,$0.45B,13.43%,$88,$0,$88,$8,$12,$33,$56,$0,$56,$23,$33,$33,$21,$60,$56,$53,54,$0.39,$0.39,$379,$0,$21,$414,$5,$0,$81,$0,$87,$501,$42,$0,$4,$5,$47,$0,$-35,$0,$454,$501,$21,$5,$3,$7,$1,$0,$-1,$1,$6,$34,$-1,$-3,$0,$-18,$0,$-18,$0,$-23,$0,$0,$0,$-5,$-5,$-5,$0,$-11,$1,$4,$-5
19,2013-12-31,18.56,$8.24,2.25,$3.14,5.9,$-3.73,0.0,$-3.35,0.0,$0.39B,$0.04B,10.19,$0.00B,$0.44B,0.0,$0.17B,$0.17B,97.63%,$0.17B,$-0.01B,-4.14%,$0.17B,$-0.01B,-4.14%,$0.17B,$0.04B,24.85%,$0.17B,$-0.01B,-2.96%,$0.17B,$-0.19B,-110.06%,$-0.19B,$0.44B,-34.75%,$-0.19B,$0.36B,-42.13%,$-0.19B,$0.49B,-31.99%,$-0.01B,$0.44B,-1.31%,$56,$1,$55,$8,$14,$39,$17,$0,$17,$10,$7,$7,$-54,$28,$17,$54,54,$-1.01,$-1.00,$360,$0,$23,$392,$9,$0,$81,$1,$92,$485,$38,$0,$5,$6,$44,$0,$-51,$0,$440,$485,$-186,$48,$92,$140,$8,$1,$-6,$-6,$-3,$-48,$-0,$-3,$0,$52,$0,$52,$0,$48,$0,$0,$0,$8,$8,$-38,$0,$-30,$-30,$14,$-38
20,2013-09-30,18.11,$9.51,1.91,$3.02,6.0,$-2.98,0.0,$-2.84,0.0,$0.41B,$0.03B,12.4,$0.00B,$0.52B,0.0,$0.16B,$0.16B,96.89%,$0.16B,$-0.04B,-26.71%,$0.16B,$-0.04B,-26.71%,$0.16B,$0.01B,3.73%,$0.16B,$-0.04B,-24.84%,$0.16B,$-0.15B,-95.03%,$-0.15B,$0.52B,-26.12%,$-0.15B,$0.43B,-31.84%,$-0.15B,$0.56B,-24.04%,$-0.04B,$0.52B,-7.34%,$37,$1,$36,$8,$15,$38,$-1,$0,$-1,$33,$-34,$-34,$-71,$8,$-1,$54,54,$-1.31,$-1.31,$377,$0,$26,$410,$53,$0,$93,$1,$147,$558,$33,$0,$6,$7,$40,$0,$9,$0,$518,$558,$-131,$37,$47,$84,$9,$1,$-5,$-13,$-16,$-63,$3,$-2,$0,$40,$0,$40,$0,$40,$0,$0,$0,$29,$29,$-32,$0,$-3,$-26,$10,$-32
21,2013-06-30,19.38,$10.84,1.79,$3.48,5.56,$-1.66,0.0,$-1.55,0.0,$0.42B,$0.04B,10.02,$0.00B,$0.58B,0.0,$0.18B,$0.18B,96.74%,$0.18B,$-0.04B,-20.65%,$0.18B,$-0.04B,-20.65%,$0.18B,$0.01B,7.61%,$0.18B,$-0.03B,-16.85%,$0.18B,$-0.08B,-45.11%,$-0.08B,$0.58B,-13.32%,$-0.08B,$0.49B,-16.35%,$-0.08B,$0.63B,-12.26%,$-0.04B,$0.58B,-6.10%,$47,$1,$46,$8,$23,$51,$-5,$0,$-4,$-2,$-3,$-3,$-16,$5,$-5,$53,53,$-0.30,$-0.30,$381,$0,$14,$418,$56,$0,$98,$1,$213,$631,$42,$0,$6,$6,$47,$0,$85,$-0,$583,$631,$-60,$28,$-14,$13,$8,$1,$-4,$2,$4,$-43,$-10,$-2,$0,$34,$0,$34,$0,$22,$0,$0,$0,$21,$21,$-27,$0,$-6,$-27,$8,$-27
22,2013-03-31,17.12,$11.38,1.51,$3.73,4.59,$-0.37,0.0,$-1.26,0.0,$0.43B,$0.05B,9.31,$0.00B,$0.60B,0.0,$0.20B,$0.19B,96.41%,$0.20B,$-0.03B,-14.36%,$0.20B,$-0.03B,-14.36%,$0.20B,$0.02B,11.79%,$0.20B,$-0.02B,-10.77%,$0.20B,$-0.07B,-34.36%,$-0.07B,$0.60B,-10.39%,$-0.07B,$0.50B,-12.88%,$-0.07B,$0.65B,-9.59%,$-0.03B,$0.60B,-4.34%,$29,$1,$28,$8,$22,$46,$-18,$0,$-17,$-6,$-11,$-11,$-45,$1,$-18,$52,53,$-0.85,$-0.85,$403,$1,$18,$431,$68,$0,$104,$7,$221,$652,$46,$0,$6,$6,$52,$0,$123,$0,$600,$652,$-45,$18,$-7,$12,$7,$0,$-0,$1,$4,$-29,$-9,$-1,$0,$10,$0,$10,$0,$0,$0,$0,$0,$4,$4,$-5,$0,$-1,$-30,$3,$-5
23,2012-12-31,14.94,$12.29,1.22,$4.09,3.65,$0.29,51.62,$-0.57,0.0,$0.48B,$0.05B,8.94,$0.00B,$0.64B,0.0,$0.21B,$0.20B,94.37%,$0.21B,$-0.02B,-9.86%,$0.21B,$-0.02B,-9.86%,$0.21B,$0.02B,9.86%,$0.21B,$-0.01B,-6.57%,$0.21B,$-0.03B,-14.08%,$-0.03B,$0.64B,-4.54%,$-0.03B,$0.52B,-5.68%,$-0.03B,$0.71B,-4.21%,$-0.02B,$0.64B,-3.18%,$48,$2,$46,$25,$23,$66,$-19,$0,$-18,$-5,$-13,$-13,$-21,$-8,$-19,$52,52,$-0.39,$-0.39,$443,$2,$16,$475,$73,$0,$127,$8,$230,$705,$53,$0,$6,$10,$63,$0,$173,$0,$642,$705,$-30,$40,$5,$46,$-3,$0,$3,$1,$9,$25,$-32,$-5,$-28,$98,$0,$98,$0,$33,$0,$0,$0,$6,$6,$-16,$0,$-10,$48,$17,$-16
24,2012-09-30,12.34,$12.77,0.97,$4.28,2.89,$1.89,6.51,$-0.14,0.0,$0.51B,$0.04B,11.98,$0.00B,$0.67B,0.0,$0.22B,$0.21B,92.34%,$0.22B,$0.00B,0.00%,$0.22B,$0.00B,0.00%,$0.22B,$0.04B,17.12%,$0.22B,$0.01B,3.15%,$0.22B,$-0.01B,-2.70%,$-0.01B,$0.67B,-0.90%,$-0.01B,$0.53B,-1.13%,$-0.01B,$0.72B,-0.84%,$0.00B,$0.67B,0.00%,$60,$2,$58,$22,$23,$56,$4,$4,$8,$4,$4,$4,$-1,$16,$4,$52,52,$-0.02,$-0.02,$466,$3,$24,$509,$51,$0,$133,$11,$210,$719,$43,$0,$5,$9,$52,$0,$198,$0,$667,$719,$-10,$30,$13,$43,$-5,$-1,$6,$-8,$-10,$23,$-13,$-4,$-27,$95,$0,$95,$0,$51,$0,$0,$0,$6,$6,$-10,$0,$-5,$69,$13,$-10
25,2012-06-30,13.77,$12.90,1.07,$4.28,3.22,$2.90,4.75,$-0.99,0.0,$0.50B,$0.04B,12.75,$0.00B,$0.67B,0.0,$0.22B,$0.20B,90.95%,$0.22B,$-0.05B,-23.08%,$0.22B,$-0.05B,-23.08%,$0.22B,$0.03B,14.03%,$0.22B,$-0.05B,-21.27%,$0.22B,$-0.05B,-22.62%,$-0.05B,$0.67B,-7.47%,$-0.05B,$0.54B,-9.19%,$-0.05B,$0.72B,-7.00%,$-0.05B,$0.67B,-7.62%,$58,$2,$56,$22,$23,$54,$5,$1,$6,$4,$2,$2,$-0,$14,$5,$52,52,$-0.01,$-0.01,$475,$3,$18,$503,$49,$0,$135,$12,$216,$719,$39,$0,$5,$9,$49,$0,$205,$0,$670,$719,$-8,$19,$9,$28,$3,$-1,$2,$-3,$2,$21,$-6,$-3,$-27,$77,$0,$77,$0,$40,$0,$0,$0,$4,$4,$-5,$0,$-1,$60,$9,$-5
26,2012-03-31,15.34,$12.82,1.2,$4.53,3.39,$3.59,4.27,$-0.75,0.0,$0.52B,$0.04B,14.99,$0.00B,$0.67B,0.0,$0.23B,$0.21B,89.74%,$0.23B,$-0.04B,-16.67%,$0.23B,$-0.04B,-16.67%,$0.23B,$0.04B,17.09%,$0.23B,$-0.04B,-15.38%,$0.23B,$-0.04B,-16.24%,$-0.04B,$0.67B,-5.60%,$-0.04B,$0.53B,-6.86%,$-0.04B,$0.71B,-5.27%,$-0.04B,$0.67B,-5.75%,$47,$6,$41,$23,$25,$57,$-11,$1,$-10,$-2,$-8,$-8,$-8,$-1,$-11,$52,52,$-0.16,$-0.16,$490,$2,$16,$518,$36,$0,$135,$2,$191,$709,$35,$0,$5,$9,$44,$0,$205,$0,$665,$709,$-8,$10,$4,$14,$1,$-0,$-2,$1,$-7,$-1,$-2,$-2,$0,$25,$0,$25,$0,$21,$0,$0,$0,$4,$4,$0,$0,$4,$23,$4,$0
27,2011-12-31,14.9,$13.00,1.15,$4.95,3.01,$4.07,3.66,$-0.37,0.0,$0.52B,$0.04B,14.1,$0.00B,$0.67B,0.0,$0.26B,$0.23B,90.59%,$0.26B,$-0.01B,-4.71%,$0.26B,$-0.01B,-4.71%,$0.26B,$0.06B,25.10%,$0.26B,$-0.01B,-3.53%,$0.26B,$-0.02B,-7.45%,$-0.02B,$0.67B,-2.78%,$-0.02B,$0.53B,-3.40%,$-0.02B,$0.72B,-2.62%,$-0.01B,$0.67B,-1.76%,$57,$7,$50,$20,$21,$54,$2,$1,$3,$0,$3,$3,$3,$9,$2,$52,52,$0.05,$0.05,$492,$2,$14,$518,$36,$0,$141,$2,$198,$717,$37,$0,$5,$9,$46,$0,$218,$0,$671,$717,$-19,$76,$25,$101,$3,$0,$2,$-7,$-2,$79,$-4,$-67,$0,$-30,$0,$-30,$0,$-101,$0,$0,$0,$8,$8,$0,$0,$8,$-14,$26,$0
28,2011-09-30,10.62,$13.00,0.82,$5.45,1.95,$4.54,2.34,$-0.15,0.0,$0.56B,$0.03B,17.62,$0.00B,$0.67B,0.0,$0.28B,$0.26B,92.09%,$0.28B,$0.01B,3.96%,$0.28B,$0.01B,3.96%,$0.28B,$0.09B,31.29%,$0.28B,$0.01B,5.04%,$0.28B,$-0.01B,-2.88%,$-0.01B,$0.67B,-1.17%,$-0.01B,$0.58B,-1.43%,$-0.01B,$0.71B,-1.11%,$0.01B,$0.67B,1.61%,$59,$6,$54,$19,$20,$106,$-47,$1,$-46,$-2,$-45,$-45,$-45,$9,$-47,$51,51,$-0.87,$-0.87,$536,$2,$10,$563,$36,$0,$86,$3,$148,$711,$32,$0,$5,$9,$41,$0,$216,$-0,$670,$711,$-22,$70,$19,$88,$4,$0,$-0,$-5,$-3,$63,$-1,$-8,$0,$-39,$0,$-39,$0,$-49,$0,$0,$0,$7,$7,$0,$0,$7,$22,$20,$0
29,2011-06-30,15.24,$13.82,1.1,$5.92,2.58,$4.97,3.07,$1.10,13.86,$0.55B,$0.03B,19.34,$0.00B,$0.71B,0.0,$0.30B,$0.28B,92.69%,$0.30B,$0.09B,29.90%,$0.30B,$0.09B,29.90%,$0.30B,$0.12B,38.87%,$0.30B,$0.09B,30.90%,$0.30B,$0.06B,18.60%,$0.06B,$0.71B,8.29%,$0.06B,$0.57B,10.36%,$0.06B,$0.75B,7.79%,$0.09B,$0.71B,13.32%,$71,$5,$65,$19,$23,$54,$17,$1,$17,$6,$12,$12,$12,$23,$17,$51,51,$0.23,$0.23,$527,$2,$7,$550,$37,$0,$134,$3,$196,$745,$28,$0,$5,$9,$38,$0,$261,$1,$708,$745,$23,$13,$15,$28,$5,$0,$-2,$0,$-0,$51,$-0,$-3,$0,$-44,$0,$-44,$0,$-48,$0,$0,$0,$5,$5,$0,$0,$5,$8,$15,$0
30,2011-03-31,16.24,$13.43,1.21,$6.03,2.69,$4.91,3.31,$1.17,13.88,$0.52B,$0.03B,19.55,$0.00B,$0.69B,0.0,$0.31B,$0.28B,92.79%,$0.31B,$0.10B,32.46%,$0.31B,$0.10B,32.46%,$0.31B,$0.13B,41.64%,$0.31B,$0.10B,33.44%,$0.31B,$0.06B,19.34%,$0.06B,$0.69B,9.04%,$0.06B,$0.55B,11.37%,$0.06B,$0.72B,8.45%,$0.10B,$0.69B,15.17%,$68,$6,$62,$19,$19,$52,$16,$1,$17,$6,$11,$11,$11,$23,$16,$51,51,$0.22,$0.22,$499,$2,$7,$524,$40,$0,$136,$3,$200,$723,$27,$0,$6,$11,$37,$0,$249,$0,$686,$723,$11,$7,$6,$13,$4,$0,$-3,$1,$-2,$22,$-1,$-1,$0,$15,$0,$15,$0,$13,$0,$0,$0,$4,$4,$0,$0,$4,$39,$6,$0
31,2010-12-31,19.7,$13.14,1.5,$5.99,3.29,$5.03,3.91,$1.15,17.13,$0.51B,$0.04B,13.75,$0.00B,$0.67B,0.0,$0.30B,$0.28B,93.02%,$0.30B,$0.10B,33.22%,$0.30B,$0.10B,33.22%,$0.30B,$0.13B,42.19%,$0.30B,$0.10B,34.22%,$0.30B,$0.06B,19.27%,$0.06B,$0.67B,9.22%,$0.06B,$0.53B,11.62%,$0.06B,$0.71B,8.56%,$0.10B,$0.67B,15.89%,$80,$5,$75,$19,$21,$55,$25,$1,$26,$13,$14,$14,$14,$32,$25,$50,50,$0.27,$0.26,$475,$2,$10,$506,$42,$0,$140,$3,$206,$712,$37,$0,$6,$11,$47,$0,$238,$0,$665,$712,$57,$26,$26,$53,$-2,$-0,$2,$-3,$-4,$106,$-8,$-20,$-15,$-108,$0,$-108,$0,$-152,$0,$0,$0,$6,$6,$0,$1,$7,$-39,$28,$0
32,2010-09-30,16.45,$12.77,1.29,$5.54,2.97,$5.10,3.22,$1.01,16.29,$0.50B,$0.04B,12.8,$0.00B,$0.64B,0.0,$0.28B,$0.26B,92.42%,$0.28B,$0.09B,31.05%,$0.28B,$0.09B,31.05%,$0.28B,$0.11B,40.43%,$0.28B,$0.09B,32.13%,$0.28B,$0.05B,18.05%,$0.05B,$0.64B,8.25%,$0.05B,$0.51B,10.42%,$0.05B,$0.70B,7.65%,$0.09B,$0.64B,14.19%,$82,$5,$77,$21,$19,$50,$32,$1,$33,$14,$19,$19,$19,$39,$32,$50,50,$0.38,$0.38,$474,$2,$4,$495,$48,$0,$131,$3,$201,$696,$39,$0,$6,$13,$52,$0,$224,$1,$644,$696,$44,$19,$22,$42,$1,$-0,$-0,$0,$5,$90,$-8,$-4,$-15,$-57,$0,$-57,$0,$-83,$0,$0,$0,$4,$4,$0,$1,$5,$12,$21,$0
33,2010-06-30,14.27,$12.27,1.16,$5.24,2.73,$5.25,2.72,$0.87,16.41,$0.46B,$0.03B,13.56,$0.00B,$0.62B,0.0,$0.26B,$0.24B,92.34%,$0.26B,$0.07B,28.35%,$0.26B,$0.07B,28.35%,$0.26B,$0.10B,37.55%,$0.26B,$0.08B,29.12%,$0.26B,$0.04B,16.48%,$0.04B,$0.62B,7.36%,$0.04B,$0.49B,9.33%,$0.04B,$0.66B,6.82%,$0.07B,$0.62B,12.66%,$75,$6,$69,$18,$20,$49,$26,$0,$26,$11,$15,$15,$15,$33,$26,$50,50,$0.30,$0.30,$437,$2,$6,$462,$49,$1,$129,$3,$200,$663,$34,$0,$5,$12,$46,$0,$205,$0,$616,$663,$25,$13,$16,$28,$-1,$-0,$-0,$1,$0,$53,$-7,$-2,$-15,$-24,$0,$-24,$0,$-48,$0,$0,$0,$3,$3,$0,$1,$3,$9,$14,$0
34,2010-03-31,18.04,$11.79,1.53,$5.03,3.58,$5.79,3.11,$0.81,22.27,$0.44B,$0.04B,12.32,$0.00B,$0.59B,0.0,$0.25B,$0.23B,92.74%,$0.25B,$0.07B,27.02%,$0.25B,$0.07B,27.02%,$0.25B,$0.09B,35.89%,$0.25B,$0.07B,28.23%,$0.25B,$0.04B,16.13%,$0.04B,$0.59B,7.10%,$0.04B,$0.47B,9.03%,$0.04B,$0.64B,6.55%,$0.07B,$0.59B,11.90%,$64,$5,$59,$16,$19,$47,$17,$1,$18,$8,$10,$10,$10,$23,$17,$50,50,$0.20,$0.20,$417,$2,$4,$436,$43,$15,$121,$4,$202,$638,$35,$0,$5,$11,$47,$0,$190,$0,$592,$638,$10,$6,$7,$13,$3,$-0,$0,$2,$7,$29,$-2,$-2,$0,$-30,$0,$-30,$0,$-34,$0,$0,$0,$2,$2,$0,$0,$3,$-2,$7,$0
35,2009-12-31,20.7,$11.48,1.8,$6.12,3.38,$6.91,2.99,$1.43,14.47,$0.41B,$0.03B,12.61,$0.00B,$0.57B,0.0,$0.30B,$0.28B,93.98%,$0.30B,$0.12B,39.46%,$0.30B,$0.12B,39.46%,$0.30B,$0.14B,46.49%,$0.30B,$0.12B,40.80%,$0.30B,$0.07B,23.08%,$0.07B,$0.57B,12.80%,$0.07B,$0.45B,16.35%,$0.07B,$0.62B,11.60%,$0.12B,$0.57B,21.88%,$56,$5,$51,$16,$19,$45,$11,$1,$12,$6,$6,$6,$6,$17,$11,$49,49,$0.12,$0.12,$388,$2,$6,$412,$42,$16,$123,$4,$204,$616,$33,$0,$5,$11,$44,$0,$180,$-0,$572,$616,$70,$22,$28,$50,$4,$-0,$-1,$1,$-5,$114,$-15,$-15,$-6,$-81,$0,$-81,$1,$-117,$0,$0,$0,$19,$19,$0,$3,$23,$20,$28,$0
36,2009-09-30,24.8,$11.21,2.21,$6.40,3.87,$6.03,4.11,$1.46,16.99,$0.40B,$0.04B,11.43,$0.00B,$0.56B,0.0,$0.31B,$0.30B,94.55%,$0.31B,$0.12B,38.14%,$0.31B,$0.12B,38.14%,$0.31B,$0.14B,44.55%,$0.31B,$0.12B,39.10%,$0.31B,$0.07B,22.76%,$0.07B,$0.56B,13.98%,$0.07B,$0.44B,18.04%,$0.07B,$0.61B,12.53%,$0.12B,$0.56B,23.43%,$66,$4,$62,$17,$19,$46,$20,$1,$20,$8,$12,$12,$12,$25,$20,$49,50,$0.25,$0.24,$378,$1,$5,$401,$42,$19,$120,$4,$205,$606,$35,$0,$4,$13,$48,$0,$174,$-0,$558,$606,$63,$16,$26,$42,$1,$0,$1,$4,$-4,$101,$-12,$-10,$-7,$-23,$0,$-23,$1,$-51,$0,$0,$0,$18,$18,$0,$5,$22,$73,$20,$0
37,2009-06-30,22.49,$10.75,2.09,$6.40,3.51,$5.12,4.39,$1.11,20.26,$0.38B,$0.04B,9.73,$0.00B,$0.53B,0.0,$0.31B,$0.29B,94.19%,$0.31B,$0.10B,30.65%,$0.31B,$0.10B,30.65%,$0.31B,$0.12B,37.10%,$0.31B,$0.10B,31.29%,$0.31B,$0.05B,17.42%,$0.05B,$0.53B,11.34%,$0.05B,$0.42B,14.87%,$0.05B,$0.58B,10.09%,$0.10B,$0.53B,19.95%,$62,$4,$58,$17,$17,$44,$19,$1,$20,$8,$12,$12,$12,$24,$19,$48,49,$0.24,$0.24,$357,$1,$5,$380,$42,$21,$116,$4,$202,$582,$39,$0,$4,$13,$52,$0,$162,$0,$531,$582,$51,$10,$19,$29,$1,$0,$-0,$4,$0,$80,$-9,$-4,$-7,$-50,$0,$-50,$1,$-68,$0,$0,$0,$12,$12,$0,$3,$16,$28,$14,$0
38,2009-03-31,11.89,$10.20,1.17,$6.29,1.89,$4.28,2.78,$0.87,13.67,$0.38B,$0.07B,5.64,$0.00B,$0.50B,0.0,$0.30B,$0.29B,94.08%,$0.30B,$0.08B,25.66%,$0.30B,$0.08B,25.66%,$0.30B,$0.10B,32.24%,$0.30B,$0.08B,26.64%,$0.30B,$0.04B,13.82%,$0.04B,$0.50B,9.32%,$0.04B,$0.39B,12.46%,$0.04B,$0.58B,8.29%,$0.08B,$0.50B,17.31%,$115,$4,$110,$17,$17,$47,$68,$3,$70,$31,$39,$39,$39,$73,$68,$48,48,$0.82,$0.82,$361,$1,$5,$381,$40,$23,$109,$4,$195,$576,$68,$0,$4,$13,$80,$0,$150,$-0,$496,$576,$39,$5,$9,$14,$4,$0,$-0,$6,$32,$86,$-6,$-0,$0,$-17,$1,$-16,$0,$-22,$0,$0,$0,$1,$1,$0,$2,$3,$66,$6,$0
39,2008-12-31,10.57,$9.22,1.15,$5.14,2.05,$2.79,3.79,$0.10,105.66,$0.30B,$0.04B,7.21,$0.00B,$0.45B,0.0,$0.25B,$0.23B,93.15%,$0.25B,$0.02B,6.05%,$0.25B,$0.02B,6.05%,$0.25B,$0.04B,14.11%,$0.25B,$0.02B,7.66%,$0.25B,$0.01B,2.02%,$0.01B,$0.45B,1.16%,$0.01B,$0.34B,1.59%,$0.01B,$0.50B,1.05%,$0.02B,$0.45B,3.48%,$69,$4,$65,$17,$19,$57,$12,$-0,$12,$4,$8,$8,$8,$17,$12,$48,48,$0.16,$0.16,$277,$2,$8,$303,$37,$22,$112,$8,$198,$502,$42,$0,$4,$13,$55,$0,$111,$-1,$447,$502,$5,$19,$28,$47,$1,$0,$0,$3,$17,$69,$-14,$-6,$-31,$-134,$0,$-134,$-4,$-189,$0,$0,$0,$-6,$-6,$0,$7,$1,$-119,$24,$0
40,2008-09-30,14.53,$8.90,1.63,$4.80,3.03,$3.15,4.62,$0.21,69.2,$0.29B,$0.04B,7.57,$0.00B,$0.43B,0.0,$0.23B,$0.22B,92.67%,$0.23B,$0.02B,8.19%,$0.23B,$0.02B,8.19%,$0.23B,$0.04B,16.38%,$0.23B,$0.03B,11.21%,$0.23B,$0.01B,4.31%,$0.01B,$0.43B,2.36%,$0.01B,$0.32B,3.18%,$0.01B,$0.48B,2.17%,$0.02B,$0.43B,4.49%,$64,$4,$59,$16,$18,$67,$-4,$-1,$-5,$1,$-5,$-5,$-5,$1,$-4,$48,48,$-0.11,$-0.11,$261,$2,$5,$286,$35,$26,$115,$4,$195,$481,$38,$0,$1,$12,$50,$0,$103,$-2,$431,$481,$-3,$14,$18,$32,$8,$-0,$1,$1,$20,$48,$-7,$0,$-32,$-156,$-8,$-163,$0,$-202,$0,$0,$0,$-6,$-6,$0,$5,$-1,$-154,$17,$0
41,2008-06-30,14.56,$8.85,1.65,$4.49,3.24,$3.57,4.08,$0.55,26.47,$0.27B,$0.03B,9.82,$0.00B,$0.43B,0.0,$0.22B,$0.20B,93.09%,$0.22B,$0.04B,18.89%,$0.22B,$0.04B,18.89%,$0.22B,$0.06B,26.73%,$0.22B,$0.05B,23.96%,$0.22B,$0.03B,11.98%,$0.03B,$0.43B,6.38%,$0.03B,$0.31B,8.55%,$0.03B,$0.47B,5.88%,$0.04B,$0.43B,10.07%,$56,$4,$52,$15,$18,$54,$2,$1,$4,$4,$0,$0,$0,$7,$2,$48,48,$0.00,$0.00,$244,$2,$4,$267,$30,$32,$118,$6,$200,$467,$27,$0,$1,$12,$39,$0,$108,$-2,$428,$467,$2,$9,$13,$22,$4,$0,$0,$0,$10,$34,$-4,$-4,$-36,$-21,$0,$-21,$0,$-64,$0,$0,$0,$-7,$-7,$0,$5,$-2,$-32,$10,$0
42,2008-03-31,18.5,$8.62,2.15,$4.27,4.33,$3.85,4.8,$0.75,24.67,$0.26B,$0.03B,9.89,$0.00B,$0.42B,0.0,$0.21B,$0.19B,91.83%,$0.21B,$0.05B,25.48%,$0.21B,$0.05B,25.48%,$0.21B,$0.07B,33.17%,$0.21B,$0.07B,31.25%,$0.21B,$0.04B,17.31%,$0.04B,$0.42B,9.30%,$0.04B,$0.30B,12.37%,$0.04B,$0.46B,8.59%,$0.05B,$0.42B,13.70%,$59,$4,$55,$14,$15,$54,$5,$3,$8,$6,$2,$2,$2,$10,$5,$48,49,$0.05,$0.05,$220,$2,$4,$255,$30,$37,$118,$1,$200,$455,$26,$0,$1,$12,$38,$0,$108,$-2,$417,$455,$2,$4,$7,$11,$-8,$0,$0,$-0,$-4,$10,$-2,$0,$-32,$-49,$0,$-49,$0,$-83,$0,$0,$0,$-7,$-7,$0,$0,$-7,$-80,$4,$0
43,2007-12-31,37.0,$8.62,4.29,$4.02,9.21,$4.21,8.78,$0.93,39.78,$0.31B,$0.02B,17.09,$0.00B,$0.42B,0.0,$0.20B,$0.18B,90.82%,$0.20B,$0.07B,33.67%,$0.20B,$0.07B,33.67%,$0.20B,$0.08B,40.31%,$0.20B,$0.08B,39.29%,$0.20B,$0.05B,22.96%,$0.05B,$0.42B,12.36%,$0.05B,$0.33B,16.41%,$0.05B,$0.44B,11.48%,$0.07B,$0.42B,18.13%,$53,$4,$49,$10,$0,$37,$16,$3,$19,$6,$13,$13,$13,$20,$16,$48,49,$0.27,$0.27,$290,$2,$4,$314,$29,$0,$87,$1,$131,$444,$18,$0,$0,$8,$26,$0,$106,$-0,$418,$444,$45,$14,$20,$34,$-7,$-0,$-2,$9,$5,$84,$-11,$0,$-19,$-83,$0,$-83,$0,$-114,$0,$0,$0,$20,$20,$0,$23,$43,$13,$18,$0
44,2007-09-30,33.35,$7.65,4.36,$3.96,8.41,$4.31,7.74,$0.94,35.48,$0.29B,$0.04B,7.53,$0.00B,$0.37B,0.0,$0.19B,$0.17B,90.16%,$0.19B,$0.07B,36.79%,$0.19B,$0.07B,36.79%,$0.19B,$0.08B,42.49%,$0.19B,$0.08B,41.97%,$0.19B,$0.05B,23.83%,$0.05B,$0.37B,13.69%,$0.05B,$0.28B,18.24%,$0.05B,$0.40B,12.73%,$0.07B,$0.37B,21.13%,$49,$4,$46,$10,$18,$31,$18,$3,$21,$10,$11,$11,$11,$21,$18,$48,49,$0.23,$0.23,$266,$2,$3,$285,$27,$0,$89,$1,$119,$404,$38,$0,$0,$0,$38,$0,$93,$-0,$366,$404,$32,$10,$12,$22,$-2,$-1,$-1,$10,$16,$70,$-7,$0,$-20,$-36,$0,$-36,$0,$-63,$0,$0,$0,$15,$15,$0,$15,$29,$37,$13,$0
45,2007-06-30,36.06,$7.22,4.99,$5.24,6.89,$4.57,7.89,$1.69,21.34,$0.25B,$0.03B,9.9,$0.00B,$0.35B,0.0,$0.26B,$0.23B,90.98%,$0.26B,$0.13B,51.76%,$0.26B,$0.13B,51.76%,$0.26B,$0.14B,55.69%,$0.26B,$0.14B,55.29%,$0.26B,$0.08B,32.16%,$0.08B,$0.35B,26.80%,$0.08B,$0.26B,35.89%,$0.08B,$0.37B,24.50%,$0.13B,$0.35B,43.14%,$47,$6,$41,$9,$18,$32,$14,$3,$17,$7,$10,$10,$10,$18,$14,$47,49,$0.21,$0.20,$236,$2,$2,$254,$26,$0,$91,$1,$119,$373,$26,$0,$0,$0,$26,$0,$82,$0,$347,$373,$21,$6,$14,$20,$-2,$-0,$-2,$11,$8,$49,$-4,$0,$-20,$-37,$0,$-37,$0,$-61,$0,$0,$0,$12,$12,$0,$5,$17,$5,$9,$0
46,2007-03-31,35.34,$6.82,5.18,$4.81,7.35,$3.95,8.95,$1.46,24.21,$0.23B,$0.02B,10.18,$0.00B,$0.33B,0.0,$0.23B,$0.21B,90.95%,$0.23B,$0.12B,49.57%,$0.23B,$0.12B,49.57%,$0.23B,$0.12B,52.59%,$0.23B,$0.12B,52.59%,$0.23B,$0.07B,30.60%,$0.07B,$0.33B,26.57%,$0.07B,$0.23B,34.93%,$0.07B,$0.35B,24.15%,$0.12B,$0.33B,43.03%,$47,$5,$42,$8,$16,$29,$18,$3,$20,$9,$11,$11,$11,$20,$18,$47,49,$0.24,$0.23,$204,$2,$2,$227,$26,$0,$92,$1,$120,$347,$22,$0,$0,$0,$22,$0,$72,$0,$325,$347,$11,$3,$4,$7,$-7,$-0,$-0,$11,$10,$27,$-2,$0,$-20,$0,$0,$0,$0,$-22,$0,$0,$0,$4,$4,$0,$0,$4,$10,$4,$0
47,2006-12-31,35.88,$6.48,5.54,$4.35,8.25,$3.47,10.33,$1.26,28.47,$0.22B,$0.02B,14.3,$0.00B,$0.31B,0.0,$0.21B,$0.19B,90.43%,$0.21B,$0.10B,47.37%,$0.21B,$0.10B,47.37%,$0.21B,$0.11B,50.72%,$0.21B,$0.11B,50.72%,$0.21B,$0.06B,29.19%,$0.06B,$0.31B,26.15%,$0.06B,$0.24B,33.29%,$0.06B,$0.32B,23.74%,$0.10B,$0.31B,42.44%,$50,$6,$45,$7,$-12,$29,$21,$2,$23,$9,$14,$14,$14,$23,$21,$46,48,$0.31,$0.29,$194,$2,$13,$221,$25,$0,$63,$0,$101,$321,$15,$0,$0,$0,$15,$0,$61,$0,$306,$321,$61,$7,$21,$29,$1,$1,$0,$-12,$-10,$80,$-3,$0,$-54,$0,$0,$0,$0,$-57,$0,$0,$0,$11,$11,$0,$32,$44,$66,$15,$0
