,Date,Stock Price,Book Value per Share,Price to Book Ratio,TTM Sales per Share,Price to Sales Ratio,TTM FCF per Share,Price to FCF Ratio,TTM Net EPS,PE Ratio,Current Assets,Current Liabilities,Current Ratio,Long Term Debt,Shareholder's Equity_x,Debt to Equity Ratio,TTM Revenue_x,TTM Gross Profit,Gross Margin,TTM Revenue_y,TTM Operating Income,Operating Margin,TTM Revenue_x,TTM EBIT,EBIT Margin,TTM Revenue_y,TTM EBITDA,EBITDA Margin,TTM Revenue_x,TTM Pre-Tax Income,Pre-Tax Margin,TTM Revenue_y,TTM Net Income_x,Net Margin,TTM Net Income_y,Shareholder's Equity_y,Return on Equity,TTM Net Income_x,Tangible Equity,Return on Tangible Equity,TTM Net Income_y,Total Assets,Return on Assets,TTM Net Income,LT Investments & Debt,Return on Investment,revenue,cost-goods-sold,gross-profit,research-development-expenses,selling-general-administrative-expenses,operating-expenses,operating-income,total-non-operating-income-expense,pre-tax-income,total-provision-income-taxes,income-after-taxes,income-from-continuous-operations,net-income,ebitda,ebit,basic-shares-outstanding,shares-outstanding,eps-basic-net-earnings-per-share,eps-earnings-per-share-diluted,cash-on-hand,inventory,other-current-assets,total-current-assets,net-property-plant-equipment,long-term-investments,goodwill-intangible-assets-total,other-long-term-assets,total-long-term-assets,total-assets,total-current-liabilities,long-term-debt,other-non-current-liabilities,total-long-term-liabilities,total-liabilities,common-stock-net,retained-earnings-accumulated-deficit,comprehensive-income,total-share-holder-equity,total-liabilities-share-holders-equity,net-income-loss,total-depreciation-amortization-cash-flow,other-non-cash-items,total-non-cash-items,change-in-accounts-receivable,change-in-inventories,change-in-accounts-payable,change-in-assets-liabilities,total-change-in-assets-liabilities,cash-flow-from-operating-activities,net-change-in-property-plant-equipment,net-change-in-intangible-assets,net-acquisitions-divestitures,net-change-in-short-term-investments,net-change-in-long-term-investments,net-change-in-investments-total,investing-activities-other,cash-flow-from-investing-activities,net-long-term-debt,net-current-debt,debt-issuance-retirement-net-total,net-common-equity-issued-repurchased,net-total-equity-issued-repurchased,total-common-preferred-stock-dividends-paid,financial-activities-other,cash-flow-from-financial-activities,net-cash-flow,stock-based-compensation,common-stock-dividends-paid
0,2018-09-30,114.17,$36.17,3.16,$128.51,0.89,$3.68,31.05,$2.95,38.7,$3.83B,$3.00B,1.28,$4.01B,$4.55B,0.88,$17.09B,$2.54B,14.87%,$17.09B,$0.75B,4.37%,$17.09B,$0.75B,4.37%,$17.09B,$1.44B,8.44%,$17.09B,$0.51B,2.97%,$17.09B,$0.49B,2.89%,$0.49B,$4.59B,11.73%,$0.49B,$-1.20B,-28.92%,$0.49B,$12.68B,3.89%,$0.75B,$8.60B,8.70%,$4335,$3679,$656,$0,$447,$4126,$209,$-53,$156,$41,$115,$115,$101,$389,$209,$125,137,$0.81,$0.74,$428,$0,$488,$3830,$2705,$0,$5794,$347,$8846,$12676,$2995,$4005,$657,$5091,$8086,$0,$286,$-59,$4590,$12676,$353,$527,$107,$634,$-262,$0,$-4,$-99,$-451,$536,$-321,$0,$0,$0,$0,$0,$-13,$-334,$-496,$0,$-496,$0,$0,$-4,$300,$-201,$-9,$64,$0
1,2018-06-30,100.18,$34.27,2.92,$126.72,0.79,$3.56,28.12,$3.39,29.55,$3.71B,$2.94B,1.26,$4.41B,$4.10B,1.08,$16.64B,$2.46B,14.79%,$16.64B,$0.71B,4.29%,$16.64B,$0.71B,4.29%,$16.64B,$1.40B,8.40%,$16.64B,$0.45B,2.72%,$16.64B,$0.45B,2.71%,$0.45B,$4.14B,11.31%,$0.45B,$-1.71B,-22.74%,$0.45B,$12.62B,3.57%,$0.71B,$8.55B,8.42%,$4364,$3681,$682,$0,$454,$4136,$228,$-15,$213,$54,$159,$159,$138,$404,$228,$121,134,$1.14,$1.03,$361,$0,$496,$3713,$2692,$0,$5846,$368,$8906,$12620,$2940,$4406,$711,$5540,$8480,$0,$178,$-49,$4140,$12620,$238,$347,$15,$363,$-179,$0,$-44,$-103,$-353,$248,$-206,$0,$0,$0,$0,$0,$10,$-196,$-70,$0,$-70,$0,$0,$-2,$-48,$-119,$-74,$45,$0
2,2018-03-31,101.81,$34.04,2.99,$124.34,0.82,$3.30,30.86,$2.74,37.16,$3.81B,$3.01B,1.26,$4.61B,$4.06B,1.14,$16.03B,$2.37B,14.75%,$16.03B,$0.66B,4.12%,$16.03B,$0.66B,4.12%,$16.03B,$1.33B,8.31%,$16.03B,$0.32B,2.02%,$16.03B,$0.36B,2.25%,$0.36B,$4.11B,9.59%,$0.36B,$-1.93B,-16.16%,$0.36B,$12.96B,2.90%,$0.66B,$8.72B,7.92%,$4192,$3600,$591,$0,$450,$4051,$141,$-62,$79,$-0,$79,$79,$67,$312,$141,$120,133,$0.56,$0.50,$380,$0,$567,$3806,$2726,$0,$6038,$393,$9156,$12961,$3012,$4612,$816,$5844,$8856,$0,$33,$49,$4105,$12961,$79,$171,$19,$190,$-100,$0,$-55,$-90,$-288,$-19,$-132,$0,$0,$0,$0,$0,$0,$-132,$171,$0,$171,$0,$0,$-1,$-44,$126,$-17,$22,$0
3,2017-12-31,91.59,$33.44,2.74,$121.37,0.75,$3.74,24.5,$2.40,38.16,$3.59B,$3.00B,1.2,$4.42B,$3.97B,1.11,$15.38B,$2.28B,14.82%,$15.38B,$0.62B,4.06%,$15.38B,$0.62B,4.06%,$15.38B,$1.28B,8.33%,$15.38B,$0.26B,1.69%,$15.38B,$0.31B,2.04%,$0.31B,$4.01B,8.94%,$0.31B,$-1.99B,-12.86%,$0.31B,$12.60B,2.59%,$0.62B,$8.43B,7.66%,$4194,$3583,$611,$0,$443,$4026,$168,$-108,$59,$-148,$207,$207,$188,$337,$168,$115,128,$1.62,$1.47,$397,$0,$466,$3588,$2664,$0,$5999,$351,$9014,$12602,$2997,$4418,$758,$5595,$8592,$0,$-43,$16,$4010,$12602,$360,$658,$38,$696,$-320,$0,$140,$-79,$-258,$799,$-425,$0,$0,$0,$0,$0,$0,$-425,$-607,$0,$-607,$288,$288,$-7,$-41,$-366,$24,$79,$0
4,2017-09-30,67.78,$30.92,2.19,$118.49,0.57,$2.53,26.8,$1.20,56.48,$3.58B,$2.91B,1.23,$4.54B,$3.66B,1.24,$14.86B,$2.18B,14.68%,$14.86B,$0.54B,3.65%,$14.86B,$0.54B,3.65%,$14.86B,$1.19B,8.00%,$14.86B,$0.24B,1.58%,$14.86B,$0.16B,1.05%,$0.16B,$3.70B,4.77%,$0.16B,$-2.30B,-5.89%,$0.16B,$12.36B,1.31%,$0.54B,$8.24B,6.81%,$3887,$3311,$576,$0,$400,$3710,$177,$-75,$101,$30,$71,$71,$58,$344,$177,$118,130,$0.49,$0.44,$473,$0,$508,$3582,$2602,$0,$6002,$172,$8777,$12358,$2908,$4541,$676,$5752,$8660,$0,$-260,$-55,$3698,$12358,$153,$489,$145,$634,$-200,$0,$49,$-45,$-268,$520,$-330,$0,$0,$0,$0,$0,$0,$-330,$-359,$0,$-359,$288,$288,$-3,$-29,$-104,$95,$50,$0
5,2017-06-30,64.63,$28.89,2.24,$118.77,0.54,$2.24,28.81,$0.87,74.29,$3.26B,$2.73B,1.19,$4.75B,$3.21B,1.48,$14.69B,$2.16B,14.69%,$14.69B,$0.54B,3.64%,$14.69B,$0.54B,3.64%,$14.69B,$1.18B,8.00%,$14.69B,$0.16B,1.08%,$14.69B,$0.11B,0.76%,$0.11B,$3.25B,3.60%,$0.11B,$-2.71B,-3.88%,$0.11B,$11.93B,0.94%,$0.54B,$8.00B,6.68%,$3760,$3173,$587,$0,$412,$3585,$175,$-90,$85,$28,$57,$57,$48,$340,$175,$112,125,$0.43,$0.38,$291,$0,$485,$3258,$2542,$0,$5957,$171,$8674,$11932,$2734,$4754,$647,$5948,$8682,$0,$-322,$-95,$3250,$11932,$82,$322,$87,$409,$-113,$0,$-12,$-37,$-265,$226,$-220,$0,$0,$0,$0,$0,$0,$-220,$-75,$0,$-75,$0,$0,$-2,$-22,$-99,$-87,$34,$0
6,2017-03-31,47.89,$27.66,1.73,$118.73,0.4,$2.84,16.85,$0.84,57.01,$3.10B,$2.60B,1.19,$4.81B,$3.05B,1.58,$14.61B,$2.15B,14.72%,$14.61B,$0.53B,3.63%,$14.61B,$0.53B,3.63%,$14.61B,$1.17B,8.00%,$14.61B,$0.16B,1.07%,$14.61B,$0.11B,0.73%,$0.11B,$3.09B,3.49%,$0.11B,$-2.77B,-3.53%,$0.11B,$11.69B,0.89%,$0.53B,$7.90B,6.53%,$3540,$3034,$506,$0,$402,$3436,$104,$-89,$15,$-10,$25,$25,$20,$261,$104,$111,124,$0.18,$0.16,$342,$0,$416,$3096,$2531,$0,$5854,$204,$8592,$11688,$2597,$4811,$623,$6003,$8600,$0,$-372,$-168,$3088,$11688,$25,$157,$43,$200,$-15,$0,$-56,$-53,$-210,$16,$-102,$0,$0,$0,$0,$0,$0,$-102,$73,$0,$73,$0,$0,$-1,$-19,$54,$-31,$15,$0
7,2016-12-31,43.16,$27.34,1.58,$122.63,0.35,$2.71,15.91,$0.47,91.83,$3.07B,$2.73B,1.13,$4.73B,$3.00B,1.58,$14.62B,$2.14B,14.63%,$14.62B,$0.49B,3.34%,$14.62B,$0.49B,3.34%,$14.62B,$1.13B,7.74%,$14.62B,$0.11B,0.73%,$14.62B,$0.06B,0.44%,$0.06B,$3.04B,2.09%,$0.06B,$-2.82B,-2.00%,$0.06B,$11.70B,0.52%,$0.49B,$7.77B,5.91%,$3677,$3164,$513,$0,$427,$3590,$87,$-52,$34,$2,$32,$32,$30,$245,$87,$110,123,$0.26,$0.28,$373,$0,$387,$3074,$2537,$0,$5861,$227,$8625,$11698,$2732,$4732,$625,$5929,$8661,$0,$-393,$-194,$3038,$11698,$85,$643,$88,$731,$-154,$0,$2,$17,$-191,$625,$-415,$0,$548,$0,$0,$0,$9,$142,$-649,$0,$-649,$0,$0,$-5,$-26,$-681,$84,$55,$0
8,2016-09-30,36.67,$27.78,1.32,$128.70,0.28,$-0.06,0.0,$-0.33,0.0,$3.17B,$2.69B,1.18,$5.30B,$3.03B,1.75,$14.29B,$2.08B,14.58%,$14.29B,$0.36B,2.54%,$14.29B,$0.36B,2.54%,$14.29B,$1.02B,7.15%,$14.29B,$-0.06B,-0.42%,$14.29B,$-0.03B,-0.20%,$-0.03B,$3.08B,-0.91%,$-0.03B,$-3.25B,0.84%,$-0.03B,$12.42B,-0.22%,$0.36B,$8.37B,4.32%,$3714,$3162,$552,$0,$383,$3545,$169,$-145,$24,$3,$21,$21,$14,$331,$169,$110,123,$0.13,$0.11,$360,$0,$473,$3172,$2711,$0,$6326,$209,$9248,$12419,$2694,$5297,$649,$6650,$9343,$0,$-429,$-125,$3076,$12419,$52,$485,$103,$589,$-79,$0,$-151,$-73,$-237,$405,$-261,$0,$0,$0,$0,$0,$9,$-252,$-58,$0,$-58,$0,$0,$-3,$-23,$-83,$71,$34,$0
9,2016-06-30,26.26,$27.94,0.94,$122.44,0.21,$-1.60,0.0,$-1.38,0.0,$3.11B,$2.64B,1.18,$5.34B,$3.04B,1.76,$12.93B,$1.86B,14.37%,$12.93B,$0.24B,1.84%,$12.93B,$0.24B,1.84%,$12.93B,$0.84B,6.47%,$12.93B,$-0.12B,-0.91%,$12.93B,$-0.14B,-1.04%,$-0.14B,$3.08B,-4.37%,$-0.14B,$-3.29B,4.66%,$-0.14B,$12.43B,-1.16%,$0.24B,$8.42B,3.00%,$3683,$3104,$580,$0,$410,$3513,$170,$-87,$83,$33,$50,$50,$43,$332,$170,$110,122,$0.39,$0.35,$378,$0,$462,$3106,$2755,$0,$6370,$198,$9324,$12430,$2640,$5343,$658,$6713,$9353,$0,$-443,$-101,$3077,$12430,$31,$324,$29,$353,$6,$0,$-78,$-53,$-117,$268,$-188,$0,$0,$0,$0,$0,$8,$-180,$-1,$0,$-1,$0,$0,$-2,$2,$-0,$88,$21,$0
10,2016-03-31,30.7,$28.08,1.09,$106.75,0.29,$-2.73,0.0,$-2.62,0.0,$3.04B,$2.71B,1.12,$5.38B,$3.04B,1.77,$10.47B,$1.47B,14.03%,$10.47B,$0.04B,0.36%,$10.47B,$0.04B,0.36%,$10.47B,$0.53B,5.07%,$10.47B,$-0.29B,-2.76%,$10.47B,$-0.25B,-2.42%,$-0.25B,$3.08B,-8.36%,$-0.25B,$-3.41B,10.02%,$-0.25B,$12.59B,-2.30%,$0.04B,$8.46B,0.51%,$3546,$3051,$494,$0,$432,$3483,$62,$-97,$-35,$-16,$-19,$-19,$-23,$225,$62,$110,110,$-0.21,$-0.21,$279,$0,$497,$3041,$2820,$0,$6491,$237,$9551,$12592,$2713,$5379,$700,$6798,$9511,$0,$-488,$-47,$3082,$12592,$-19,$162,$-7,$155,$31,$0,$-91,$-66,$-129,$7,$-97,$0,$0,$0,$0,$0,$0,$-97,$77,$0,$77,$0,$0,$-1,$0,$76,$-11,$12,$0
11,2015-12-31,27.25,$27.95,0.98,$83.32,0.33,$-1.45,0.0,$-2.61,0.0,$2.96B,$2.69B,1.1,$5.27B,$3.02B,1.75,$7.62B,$1.09B,14.23%,$7.62B,$-0.03B,-0.38%,$7.62B,$-0.03B,-0.38%,$7.62B,$0.34B,4.41%,$7.62B,$-0.28B,-3.70%,$7.62B,$-0.25B,-3.21%,$-0.25B,$3.06B,-9.16%,$-0.25B,$-3.43B,15.50%,$-0.25B,$12.64B,-2.84%,$-0.03B,$8.33B,-0.49%,$3342,$2885,$457,$0,$495,$3380,$-38,$-95,$-132,$-70,$-63,$-63,$-62,$135,$-38,$93,93,$-0.62,$-0.62,$290,$0,$401,$2957,$2852,$0,$6487,$233,$9686,$12643,$2694,$5273,$682,$6888,$9582,$0,$-465,$-72,$3061,$12643,$-192,$365,$-47,$318,$8,$0,$-51,$-35,$-35,$91,$-189,$0,$-3887,$0,$0,$0,$-10,$-4085,$2924,$0,$2924,$1260,$1260,$-3,$-536,$3645,$-354,$28,$0
12,2015-09-30,23.83,$28.97,0.82,$62.80,0.38,$-1.63,0.0,$-2.80,0.0,$3.24B,$1.95B,1.66,$3.36B,$3.10B,1.08,$5.11B,$0.76B,14.79%,$5.11B,$0.02B,0.29%,$5.11B,$0.02B,0.29%,$5.11B,$0.24B,4.73%,$5.11B,$-0.16B,-3.15%,$5.11B,$-0.24B,-4.60%,$-0.24B,$3.14B,-10.11%,$-0.24B,$-1.47B,37.44%,$-0.24B,$9.04B,-3.82%,$0.02B,$6.50B,0.34%,$2362,$2035,$327,$0,$283,$2318,$44,$-78,$-34,$2,$-35,$-35,$-93,$146,$44,$99,99,$-0.94,$-0.94,$1285,$0,$285,$3241,$956,$0,$4604,$130,$5796,$9037,$1949,$3359,$244,$3948,$5897,$0,$-403,$0,$3140,$9037,$-129,$192,$-9,$183,$-2,$0,$-60,$33,$-15,$39,$-76,$0,$-1610,$0,$0,$0,$-10,$-1695,$1544,$0,$1544,$1260,$1260,$-2,$-499,$2302,$641,$20,$0
13,2015-06-30,45.18,$29.62,1.53,$51.00,0.89,$-1.89,0.0,$-2.09,0.0,$3.89B,$2.13B,1.83,$3.41B,$2.23B,1.53,$3.41B,$0.53B,15.62%,$3.41B,$-0.04B,-1.26%,$3.41B,$-0.04B,-1.26%,$3.41B,$0.11B,3.22%,$3.41B,$-0.16B,-4.66%,$3.41B,$-0.15B,-4.51%,$-0.15B,$2.82B,-7.89%,$-0.15B,$-1.80B,91.26%,$-0.15B,$9.70B,-3.36%,$-0.04B,$6.23B,-1.29%,$1216,$1026,$190,$0,$220,$1246,$-30,$-58,$-88,$-10,$-79,$-79,$-75,$26,$-30,$84,84,$-0.89,$-0.89,$1866,$0,$194,$3894,$959,$0,$4622,$133,$5808,$9703,$2129,$3406,$287,$4750,$6879,$0,$-309,$-20,$2824,$9703,$-93,$90,$11,$100,$-11,$0,$-23,$2,$-30,$-23,$-18,$0,$-1611,$0,$0,$0,$-7,$-1635,$1777,$0,$1777,$1260,$1260,$-2,$-846,$2190,$532,$17,$0
14,2015-03-31,45.47,$21.07,2.16,$47.62,0.95,$-2.10,0.0,$-1.48,0.0,$1.57B,$0.40B,3.93,$0.98B,$1.64B,0.6,$2.78B,$0.44B,15.77%,$2.78B,$-0.03B,-0.90%,$2.78B,$-0.03B,-0.90%,$2.78B,$0.10B,3.49%,$2.78B,$-0.09B,-3.13%,$2.78B,$-0.09B,-3.38%,$-0.09B,$1.68B,-6.33%,$-0.09B,$0.37B,-28.90%,$-0.09B,$3.13B,-3.76%,$-0.03B,$2.66B,-1.22%,$703,$592,$111,$0,$116,$708,$-5,$-24,$-28,$-14,$-15,$-15,$-15,$29,$-5,$79,79,$-0.20,$-0.20,$1034,$0,$10,$1567,$219,$0,$1311,$36,$1566,$3133,$398,$979,$36,$1056,$1455,$0,$-235,$0,$1678,$3133,$-15,$34,$-5,$29,$51,$0,$-11,$-5,$33,$47,$-11,$0,$-58,$0,$0,$0,$0,$-70,$415,$0,$415,$0,$0,$-1,$-2,$413,$390,$2,$0
15,2014-12-31,40.88,$21.38,1.91,$45.54,0.9,$-2.86,0.0,$-1.98,0.0,$1.22B,$0.38B,3.21,$0.58B,$1.61B,0.36,$2.36B,$0.38B,16.16%,$2.36B,$-0.04B,-1.74%,$2.36B,$-0.04B,-1.74%,$2.36B,$0.06B,2.46%,$2.36B,$-0.09B,-3.86%,$2.36B,$-0.11B,-4.58%,$-0.11B,$1.66B,-8.27%,$-0.11B,$0.38B,-38.99%,$-0.11B,$2.75B,-5.20%,$-0.04B,$2.24B,-2.48%,$831,$702,$128,$0,$122,$825,$6,$-17,$-11,$-1,$-10,$-10,$-52,$41,$6,$54,54,$-0.79,$-0.79,$644,$0,$36,$1224,$222,$0,$1271,$24,$1526,$2749,$381,$580,$58,$713,$1094,$0,$-219,$0,$1655,$2749,$-64,$98,$-4,$94,$-144,$0,$54,$9,$-52,$-21,$-45,$0,$-814,$0,$0,$0,$0,$-858,$425,$0,$425,$0,$1131,$-3,$-51,$1502,$623,$8,$0
16,2014-09-30,37.67,$25.63,1.47,$41.32,0.91,$-5.04,0.0,$-1.58,0.0,$1.20B,$0.35B,3.48,$0.60B,$1.25B,0.48,$1.78B,$0.30B,16.94%,$1.78B,$-0.06B,-3.08%,$1.78B,$-0.06B,-3.08%,$1.78B,$0.02B,1.01%,$1.78B,$-0.09B,-5.27%,$1.78B,$-0.07B,-3.76%,$-0.07B,$1.65B,-6.66%,$-0.07B,$0.37B,-42.47%,$-0.07B,$2.75B,-4.23%,$-0.06B,$2.26B,-4.39%,$663,$558,$104,$0,$118,$676,$-14,$-18,$-32,$-20,$-12,$-12,$-12,$14,$-14,$55,55,$-0.23,$-0.23,$680,$0,$10,$1204,$224,$0,$1281,$37,$1543,$2746,$346,$603,$62,$748,$1094,$0,$-168,$0,$1652,$2746,$-54,$64,$-12,$52,$-74,$0,$40,$1,$-12,$-13,$-21,$0,$-814,$0,$0,$0,$0,$-835,$425,$0,$425,$1131,$1131,$-2,$-47,$1507,$659,$6,$0
17,2014-06-30,28.62,$18.08,1.58,$37.17,0.77,$-7.22,0.0,$-1.63,0.0,$0.48B,$0.27B,1.77,$0.10B,$0.91B,0.11,$1.31B,$0.23B,17.58%,$1.31B,$-0.06B,-4.49%,$1.31B,$-0.06B,-4.49%,$1.31B,$-0.01B,-0.46%,$1.31B,$-0.09B,-6.62%,$1.31B,$-0.06B,-4.72%,$-0.06B,$0.95B,-8.77%,$-0.06B,$0.18B,-95.38%,$-0.06B,$1.38B,-5.79%,$-0.06B,$1.05B,-7.10%,$581,$486,$95,$0,$107,$593,$-12,$-4,$-16,$-2,$-14,$-14,$-15,$13,$-12,$53,53,$-0.28,$-0.28,$112,$0,$10,$483,$97,$0,$773,$27,$897,$1381,$273,$102,$34,$157,$430,$0,$-155,$0,$951,$1381,$-42,$37,$5,$41,$-57,$0,$38,$-11,$-26,$-27,$-10,$0,$-201,$0,$0,$0,$0,$-211,$-75,$0,$-75,$414,$414,$-2,$-10,$327,$90,$4,$0
18,2014-03-31,29.41,$18.37,1.6,$33.67,0.87,$-9.44,0.0,$-2.35,0.0,$0.51B,$0.30B,1.7,$0.10B,$0.92B,0.11,$0.87B,$0.16B,17.82%,$0.87B,$-0.06B,-7.01%,$0.87B,$-0.06B,-7.01%,$0.87B,$-0.03B,-3.56%,$0.87B,$-0.09B,-10.11%,$0.87B,$-0.07B,-7.47%,$-0.07B,$0.97B,-12.41%,$-0.07B,$0.18B,-130.65%,$-0.07B,$1.42B,-7.88%,$-0.06B,$1.07B,-9.38%,$282,$228,$54,$0,$76,$304,$-21,$-10,$-32,$-3,$-28,$-28,$-29,$-10,$-21,$41,41,$-0.70,$-0.70,$144,$0,$11,$512,$99,$0,$789,$23,$912,$1424,$301,$100,$33,$158,$459,$0,$-141,$0,$965,$1424,$-28,$11,$4,$15,$-56,$0,$49,$0,$5,$-9,$-4,$0,$-191,$0,$0,$0,$0,$-195,$-75,$0,$-75,$414,$414,$-1,$-13,$326,$122,$2,$0
19,2013-12-31,26.29,$14.93,1.76,$33.15,0.79,$-10.75,0.0,$-2.50,0.0,$0.17B,$0.10B,1.71,$0.18B,$0.41B,0.44,$0.70B,$0.12B,16.67%,$0.70B,$-0.05B,-7.26%,$0.70B,$-0.05B,-7.26%,$0.70B,$-0.03B,-4.42%,$0.70B,$-0.07B,-9.97%,$0.70B,$-0.05B,-7.26%,$-0.05B,$0.46B,-14.97%,$-0.05B,$-0.09B,-126.71%,$-0.05B,$0.78B,-8.97%,$-0.05B,$0.64B,-10.85%,$257,$208,$49,$0,$57,$266,$-8,$-6,$-14,$-4,$-11,$-11,$-11,$1,$-8,$23,23,$-0.13,$-0.13,$22,$0,$7,$170,$57,$0,$549,$5,$610,$780,$99,$182,$28,$225,$324,$0,$-112,$0,$456,$780,$-49,$21,$-8,$13,$-37,$0,$5,$-3,$-31,$-66,$-12,$0,$-459,$0,$0,$0,$0,$-470,$73,$0,$73,$0,$254,$-3,$-18,$306,$-231,$5,$0
20,2013-09-30,21.67,$15.27,1.42,$28.78,0.75,$-9.33,0.0,$-2.70,0.0,$0.20B,$0.08B,2.4,$0.11B,$0.41B,0.27,$0.55B,$0.08B,15.16%,$0.55B,$-0.05B,-9.75%,$0.55B,$-0.05B,-9.75%,$0.55B,$-0.04B,-7.58%,$0.55B,$-0.07B,-12.64%,$0.55B,$-0.05B,-9.03%,$-0.05B,$0.46B,-17.36%,$-0.05B,$0.00B,-47.51%,$-0.05B,$0.70B,-10.49%,$-0.05B,$0.57B,-13.53%,$194,$161,$33,$0,$51,$212,$-18,$-7,$-25,$-19,$-6,$-6,$-7,$-10,$-18,$24,24,$-0.28,$-0.28,$67,$0,$5,$202,$40,$0,$457,$1,$498,$700,$84,$113,$28,$159,$244,$0,$-100,$0,$457,$700,$-38,$12,$-9,$2,$-28,$0,$-2,$-2,$-26,$-62,$-7,$0,$-352,$0,$0,$0,$0,$-359,$0,$0,$0,$240,$240,$-2,$-2,$235,$-185,$3,$0
21,2013-06-30,18.09,$11.92,1.52,$24.79,0.73,$-7.70,0.0,$-2.64,0.0,$0.28B,$0.06B,5.03,$0.11B,$0.17B,0.64,$0.43B,$0.06B,14.15%,$0.43B,$-0.05B,-10.44%,$0.43B,$-0.05B,-10.44%,$0.43B,$-0.04B,-9.51%,$0.43B,$-0.06B,-12.76%,$0.43B,$-0.05B,-10.90%,$-0.05B,$0.22B,-19.83%,$-0.05B,$0.12B,-29.33%,$-0.05B,$0.39B,-11.79%,$-0.05B,$0.33B,-13.11%,$137,$118,$19,$0,$33,$151,$-14,$-3,$-17,$0,$-17,$-17,$-18,$-12,$-14,$18,18,$-1.00,$-1.00,$178,$0,$4,$278,$16,$0,$100,$1,$117,$394,$55,$112,$4,$122,$178,$0,$-94,$0,$217,$394,$-32,$3,$6,$9,$-24,$0,$-4,$-0,$-26,$-49,$-4,$0,$-20,$0,$0,$0,$0,$-23,$0,$0,$0,$0,$0,$-1,$-0,$-2,$-74,$2,$0
22,2013-03-31,16.84,$12.86,1.31,$20.35,0.83,$-5.51,0.0,$-1.98,0.0,$0.29B,$0.05B,6.34,$0.11B,$0.19B,0.58,$0.35B,$0.05B,14.33%,$0.35B,$-0.03B,-9.74%,$0.35B,$-0.03B,-9.74%,$0.35B,$-0.03B,-9.17%,$0.35B,$-0.04B,-11.75%,$0.35B,$-0.04B,-10.03%,$-0.04B,$0.23B,-14.45%,$-0.04B,$0.14B,-19.07%,$-0.04B,$0.40B,-9.58%,$-0.03B,$0.34B,-10.61%,$114,$98,$16,$0,$28,$125,$-11,$-3,$-14,$0,$-15,$-15,$-15,$-10,$-11,$18,18,$-0.85,$-0.85,$206,$0,$4,$289,$14,$0,$96,$1,$111,$400,$46,$111,$4,$121,$167,$0,$-76,$0,$233,$400,$-15,$2,$3,$4,$-10,$0,$-3,$-0,$-18,$-28,$-1,$0,$-17,$0,$0,$0,$0,$-18,$0,$0,$0,$0,$0,$-1,$0,$-1,$-46,$1,$0
23,2012-12-31,17.38,$13.65,1.27,$18.71,0.93,$-4.28,0.0,$-1.49,0.0,$0.32B,$0.05B,6.55,$0.11B,$0.20B,0.54,$0.28B,$0.04B,14.64%,$0.28B,$-0.03B,-9.64%,$0.28B,$-0.03B,-9.64%,$0.28B,$-0.03B,-9.29%,$0.28B,$-0.03B,-11.07%,$0.28B,$-0.02B,-8.21%,$-0.02B,$0.25B,-9.40%,$-0.02B,$0.17B,-11.29%,$-0.02B,$0.41B,-6.93%,$-0.03B,$0.35B,-9.14%,$109,$93,$16,$0,$27,$120,$-11,$-3,$-14,$-5,$-9,$-9,$-10,$-10,$-11,$16,16,$-0.57,$-0.57,$252,$0,$2,$321,$13,$0,$78,$1,$92,$413,$49,$109,$3,$119,$168,$0,$-60,$0,$245,$413,$-20,$3,$-2,$1,$-14,$0,$11,$1,$-5,$-24,$-7,$0,$-57,$0,$0,$0,$0,$-64,$139,$0,$139,$137,$137,$-3,$-6,$267,$178,$4,$0
24,2012-09-30,12.24,$14.18,0.86,$17.15,0.71,$-1.57,0.0,$-1.19,0.0,$0.35B,$0.03B,12.06,$0.09B,$0.21B,0.45,$0.22B,$0.03B,14.88%,$0.22B,$-0.02B,-8.37%,$0.22B,$-0.02B,-8.37%,$0.22B,$-0.02B,-8.37%,$0.22B,$-0.02B,-8.84%,$0.22B,$-0.02B,-6.98%,$-0.02B,$0.25B,-7.13%,$-0.02B,$0.22B,-8.21%,$-0.02B,$0.39B,-5.76%,$-0.02B,$0.35B,-7.69%,$71,$61,$10,$0,$19,$80,$-9,$-0,$-10,$-6,$-3,$-3,$-4,$-9,$-9,$18,18,$-0.22,$-0.22,$297,$0,$1,$346,$8,$0,$33,$0,$42,$388,$29,$93,$3,$106,$135,$0,$-50,$0,$253,$388,$-11,$1,$-0,$1,$-8,$0,$-3,$-0,$-7,$-17,$-4,$0,$-7,$0,$0,$0,$0,$-11,$116,$0,$116,$137,$137,$-2,$-0,$250,$222,$3,$0
25,2012-06-30,16.8,$13.50,1.24,$18.87,0.89,$-0.04,0.0,$-6.35,0.0,$0.23B,$0.02B,13.46,$0.00B,$0.20B,0.0,$0.19B,$0.03B,15.71%,$0.19B,$-0.01B,-4.71%,$0.19B,$-0.01B,-4.71%,$0.19B,$-0.01B,-4.19%,$0.19B,$-0.01B,-4.71%,$0.19B,$-0.06B,-28.80%,$-0.06B,$0.24B,-31.52%,$-0.06B,$0.21B,-36.97%,$-0.06B,$0.26B,-28.13%,$-0.01B,$0.24B,-5.14%,$55,$46,$8,$0,$12,$58,$-3,$-0,$-3,$2,$-5,$-5,$-6,$-3,$-3,$18,18,$-0.34,$-0.34,$191,$0,$1,$226,$7,$0,$28,$1,$35,$261,$17,$0,$2,$6,$22,$0,$-46,$0,$238,$261,$-8,$1,$4,$5,$-5,$0,$-1,$-1,$-7,$-10,$-3,$0,$-4,$0,$0,$0,$0,$-7,$-2,$0,$-2,$137,$137,$-2,$0,$134,$117,$2,$0
26,2012-03-31,16.8,$13.81,1.22,$20.92,0.8,$1.06,15.8,$-5.89,0.0,$0.24B,$0.02B,12.94,$0.00B,$0.20B,0.0,$0.18B,$0.03B,16.11%,$0.18B,$-0.00B,-2.22%,$0.18B,$-0.00B,-2.22%,$0.18B,$-0.00B,-1.67%,$0.18B,$-0.00B,-2.22%,$0.18B,$-0.05B,-26.67%,$-0.05B,$0.24B,-38.63%,$-0.05B,$0.22B,-48.36%,$-0.05B,$0.27B,-33.28%,$-0.00B,$0.24B,-3.20%,$45,$38,$7,$0,$11,$49,$-4,$0,$-4,$-2,$-3,$-3,$-3,$-4,$-4,$10,10,$-0.36,$-0.36,$204,$0,$2,$235,$4,$0,$25,$0,$30,$265,$18,$0,$1,$4,$22,$0,$-40,$0,$243,$265,$-3,$0,$1,$1,$-2,$0,$2,$-2,$-1,$-3,$-1,$0,$-0,$0,$0,$0,$0,$-1,$-2,$0,$-2,$137,$137,$-1,$0,$135,$130,$1,$0
27,2011-12-31,12.35,$12.95,0.95,$21.10,0.59,$1.67,7.41,$-5.41,0.0,$0.10B,$0.02B,6.17,$0.00B,$0.07B,0.01,$0.18B,$0.03B,16.38%,$0.18B,$0.00B,1.13%,$0.18B,$0.00B,1.13%,$0.18B,$0.00B,1.69%,$0.18B,$0.00B,1.13%,$0.18B,$-0.04B,-24.86%,$-0.04B,$0.11B,-60.69%,$-0.04B,$0.08B,-92.63%,$-0.04B,$0.13B,-47.83%,$0.00B,$0.11B,2.71%,$44,$37,$7,$0,$10,$46,$-2,$-0,$-2,$-1,$-1,$-1,$-2,$-2,$-2,$8,8,$-0.28,$-0.27,$74,$0,$0,$99,$3,$0,$25,$1,$29,$128,$16,$0,$0,$3,$19,$0,$-37,$0,$108,$128,$1,$1,$1,$2,$2,$0,$-0,$1,$4,$7,$-1,$0,$0,$0,$0,$0,$0,$-1,$0,$0,$0,$0,$72,$-0,$-4,$68,$73,$1,$0
28,2011-09-30,7.67,$13.21,0.58,$20.77,0.37,$1.13,6.78,$-5.06,0.0,$0.10B,$0.02B,6.51,$0.00B,$0.07B,0.01,$0.18B,$0.03B,16.00%,$0.18B,$0.01B,2.86%,$0.18B,$0.01B,2.86%,$0.18B,$0.01B,4.00%,$0.18B,$0.01B,2.86%,$0.18B,$-0.04B,-23.43%,$-0.04B,$0.11B,-75.93%,$-0.04B,$0.08B,-141.38%,$-0.04B,$0.13B,-55.22%,$0.01B,$0.11B,8.89%,$47,$39,$8,$0,$8,$47,$0,$-0,$0,$0,$0,$0,$-44,$1,$0,$8,8,$-5.38,$-5.38,$71,$0,$0,$100,$3,$0,$25,$0,$29,$128,$15,$1,$0,$4,$19,$0,$-35,$0,$109,$128,$2,$1,$1,$2,$-2,$0,$-2,$1,$-1,$3,$-0,$0,$-0,$0,$0,$0,$0,$-1,$-4,$0,$-4,$1,$72,$0,$0,$68,$71,$0,$0
29,2011-06-30,12.44,$4.48,2.78,$20.41,0.61,$0.75,16.61,$0.52,23.92,$0.03B,$0.02B,1.84,$0.00B,$0.04B,0.03,$0.17B,$0.03B,16.28%,$0.17B,$0.01B,4.65%,$0.17B,$0.01B,4.65%,$0.17B,$0.01B,5.23%,$0.17B,$0.01B,4.65%,$0.17B,$0.01B,2.91%,$0.01B,$0.04B,14.29%,$0.01B,$0.01B,51.28%,$0.01B,$0.06B,8.81%,$0.01B,$0.04B,20.65%,$44,$37,$7,$0,$6,$42,$2,$-0,$2,$1,$1,$1,$1,$2,$2,$8,9,$0.11,$0.11,$1,$0,$0,$27,$3,$0,$25,$0,$29,$56,$15,$1,$0,$4,$19,$0,$9,$0,$37,$56,$2,$1,$1,$1,$-0,$0,$0,$0,$0,$4,$-0,$0,$-0,$0,$0,$0,$0,$-1,$-4,$0,$-4,$1,$1,$0,$0,$-3,$0,$0,$0
30,2011-03-31,8.48,$4.36,1.94,$20.22,0.42,$0.44,19.16,$0.60,14.13,$0.03B,$0.02B,1.75,$0.00B,$0.04B,0.06,$0.17B,$0.03B,16.67%,$0.17B,$0.01B,5.36%,$0.17B,$0.01B,5.36%,$0.17B,$0.01B,5.95%,$0.17B,$0.01B,5.36%,$0.17B,$0.01B,3.57%,$0.01B,$0.04B,17.91%,$0.01B,$0.01B,75.00%,$0.01B,$0.06B,10.67%,$0.01B,$0.04B,23.53%,$42,$34,$7,$0,$5,$40,$2,$-0,$2,$1,$1,$1,$1,$2,$2,$8,9,$0.14,$0.13,$0,$0,$1,$27,$3,$0,$25,$1,$29,$56,$15,$2,$0,$4,$20,$0,$8,$0,$36,$56,$1,$0,$0,$1,$-0,$0,$-0,$-0,$0,$2,$-0,$0,$-0,$0,$0,$0,$0,$-1,$-3,$0,$-3,$1,$1,$0,$0,$-2,$-1,$0,$0
31,2010-12-31,10.24,$4.19,2.45,$19.23,0.53,$0.45,22.98,$0.60,17.07,$0.03B,$0.02B,1.81,$0.01B,$0.03B,0.14,$0.16B,$0.03B,17.09%,$0.16B,$0.01B,5.70%,$0.16B,$0.01B,5.70%,$0.16B,$0.01B,6.33%,$0.16B,$0.01B,5.06%,$0.16B,$0.01B,3.80%,$0.01B,$0.03B,18.90%,$0.01B,$0.01B,100.00%,$0.01B,$0.06B,10.96%,$0.01B,$0.04B,24.16%,$42,$35,$6,$0,$5,$40,$1,$-0,$1,$0,$1,$1,$1,$2,$1,$8,8,$0.08,$0.06,$1,$0,$1,$28,$3,$0,$26,$1,$29,$57,$15,$5,$1,$7,$23,$0,$7,$0,$34,$57,$5,$1,$1,$2,$-7,$0,$2,$-1,$-5,$2,$-1,$0,$-1,$0,$0,$0,$0,$-1,$-1,$0,$-1,$1,$1,$0,$0,$-1,$0,$0,$0
32,2010-09-30,7.52,$4.06,1.85,$18.14,0.41,$0.24,30.93,$0.60,12.53,$0.03B,$0.02B,1.82,$0.01B,$0.03B,0.2,$0.15B,$0.03B,17.57%,$0.15B,$0.01B,6.08%,$0.15B,$0.01B,6.08%,$0.15B,$0.01B,6.08%,$0.15B,$0.01B,5.41%,$0.15B,$0.01B,4.05%,$0.01B,$0.03B,19.83%,$0.01B,$0.01B,141.18%,$0.01B,$0.06B,11.37%,$0.01B,$0.04B,25.90%,$44,$36,$8,$0,$5,$42,$3,$-0,$3,$1,$2,$2,$2,$3,$3,$8,8,$0.21,$0.21,$1,$0,$1,$28,$3,$0,$26,$1,$29,$58,$16,$7,$1,$9,$25,$0,$6,$0,$33,$58,$4,$1,$1,$2,$-9,$0,$2,$-1,$-6,$0,$-0,$0,$0,$0,$0,$0,$0,$-0,$0,$0,$0,$0,$0,$0,$0,$1,$0,$0,$0
33,2010-06-30,5.04,$3.86,1.31,$16.02,0.31,$0.16,31.17,$0.52,9.69,$0.03B,$0.02B,1.59,$0.01B,$0.03B,0.16,$0.13B,$0.02B,17.69%,$0.13B,$0.01B,5.38%,$0.13B,$0.01B,5.38%,$0.13B,$0.01B,6.15%,$0.13B,$0.01B,4.62%,$0.13B,$0.01B,3.85%,$0.01B,$0.03B,17.24%,$0.01B,$0.01B,133.33%,$0.01B,$0.05B,10.15%,$0.01B,$0.04B,22.05%,$40,$33,$7,$0,$5,$38,$3,$-0,$3,$1,$2,$2,$2,$3,$3,$8,8,$0.20,$0.20,$0,$0,$0,$25,$3,$0,$26,$1,$29,$54,$15,$5,$1,$7,$23,$0,$4,$0,$31,$54,$2,$1,$1,$1,$-6,$0,$2,$-1,$-3,$1,$-0,$0,$0,$0,$0,$0,$0,$-0,$-1,$0,$-1,$0,$0,$0,$0,$-1,$-0,$0,$0
34,2010-03-31,5.84,$3.65,1.6,$13.85,0.42,$0.09,68.71,$0.36,16.22,$0.02B,$0.01B,1.49,$0.01B,$0.03B,0.17,$0.11B,$0.02B,17.86%,$0.11B,$0.01B,4.46%,$0.11B,$0.01B,4.46%,$0.11B,$0.01B,5.36%,$0.11B,$0.00B,3.57%,$0.11B,$0.00B,2.68%,$0.00B,$0.03B,10.71%,$0.00B,$0.00B,85.71%,$0.00B,$0.05B,6.49%,$0.01B,$0.03B,16.81%,$32,$26,$6,$0,$4,$30,$2,$-0,$1,$1,$1,$1,$1,$2,$2,$8,8,$0.12,$0.12,$1,$0,$0,$20,$3,$0,$26,$1,$30,$50,$13,$5,$1,$7,$20,$0,$3,$0,$29,$50,$1,$0,$0,$1,$-0,$0,$0,$-1,$0,$2,$-0,$0,$0,$0,$0,$0,$0,$-0,$-1,$0,$-1,$0,$0,$0,$0,$-1,$0,$0,$0
35,2009-12-31,5.12,$3.55,1.44,$12.46,0.41,$-0.15,0.0,$0.24,21.33,$0.02B,$0.02B,1.05,$0.00B,$0.03B,0.01,$0.10B,$0.02B,17.00%,$0.10B,$0.00B,3.00%,$0.10B,$0.00B,3.00%,$0.10B,$0.00B,4.00%,$0.10B,$0.00B,3.00%,$0.10B,$0.00B,2.00%,$0.00B,$0.03B,7.27%,$0.00B,$0.00B,57.14%,$0.00B,$0.05B,4.52%,$0.00B,$0.03B,10.26%,$32,$26,$5,$0,$4,$30,$1,$-0,$1,$0,$1,$1,$1,$1,$1,$8,8,$0.05,$0.05,$0,$0,$0,$19,$3,$0,$26,$1,$30,$49,$18,$0,$1,$3,$21,$0,$2,$0,$28,$49,$2,$1,$1,$2,$-5,$0,$0,$-0,$-4,$-0,$-0,$0,$-3,$0,$0,$0,$0,$-3,$3,$0,$3,$0,$0,$0,$0,$3,$-1,$0,$0
36,2009-09-30,3.8,$3.47,1.1,$11.67,0.33,$0.63,6.07,$0.24,15.83,$0.02B,$0.02B,1.15,$0.00B,$0.03B,0.02,$0.09B,$0.02B,17.20%,$0.09B,$0.00B,3.23%,$0.09B,$0.00B,3.23%,$0.09B,$0.00B,4.30%,$0.09B,$0.00B,3.23%,$0.09B,$0.00B,2.15%,$0.00B,$0.03B,7.34%,$0.00B,$0.01B,50.00%,$0.00B,$0.04B,4.71%,$0.00B,$0.03B,10.17%,$26,$21,$5,$0,$3,$25,$1,$-0,$1,$1,$1,$1,$1,$2,$1,$8,8,$0.12,$0.12,$1,$0,$1,$17,$3,$0,$23,$1,$27,$44,$15,$1,$0,$2,$17,$0,$1,$0,$28,$44,$1,$1,$1,$1,$-3,$0,$-1,$0,$-3,$-1,$-0,$0,$-1,$0,$0,$0,$0,$-1,$2,$0,$2,$0,$0,$0,$0,$2,$-0,$0,$0
37,2009-06-30,3.48,$3.34,1.04,$12.26,0.28,$0.80,4.35,$0.28,12.43,$0.02B,$0.01B,1.09,$0.00B,$0.03B,0.03,$0.10B,$0.02B,16.33%,$0.10B,$0.00B,4.08%,$0.10B,$0.00B,4.08%,$0.10B,$0.00B,4.08%,$0.10B,$0.00B,4.08%,$0.10B,$0.00B,2.04%,$0.00B,$0.03B,7.48%,$0.00B,$0.00B,57.14%,$0.00B,$0.04B,4.60%,$0.00B,$0.03B,12.70%,$22,$19,$4,$0,$3,$22,$1,$-0,$1,$0,$0,$0,$0,$1,$1,$8,8,$0.04,$0.04,$2,$0,$0,$15,$3,$0,$23,$1,$27,$42,$14,$1,$0,$2,$16,$0,$1,$0,$27,$42,$0,$1,$-0,$1,$-0,$0,$-1,$-0,$-1,$0,$0,$0,$-1,$0,$0,$0,$0,$-1,$2,$0,$2,$0,$0,$0,$0,$2,$0,$0,$0
38,2009-03-31,3.4,$3.32,1.02,$13.19,0.26,$0.84,4.05,$0.32,10.63,$0.01B,$0.01B,1.64,$0.01B,$0.03B,0.2,$0.11B,$0.02B,16.04%,$0.11B,$0.00B,3.77%,$0.11B,$0.00B,3.77%,$0.11B,$0.01B,4.72%,$0.11B,$0.00B,3.77%,$0.11B,$0.00B,2.83%,$0.00B,$0.03B,11.43%,$0.00B,$0.00B,100.00%,$0.00B,$0.04B,6.67%,$0.00B,$0.03B,12.12%,$20,$17,$3,$0,$3,$20,$-0,$-0,$-0,$-0,$-0,$-0,$0,$0,$-0,$8,8,$0.00,$0.00,$1,$0,$1,$14,$3,$0,$23,$1,$27,$42,$9,$5,$0,$6,$15,$0,$0,$0,$27,$42,$0,$0,$0,$0,$1,$0,$-1,$-1,$-0,$-0,$0,$0,$-1,$0,$0,$0,$0,$-1,$2,$0,$2,$0,$0,$0,$0,$2,$0,$0,$0
39,2008-12-31,4.6,$3.31,1.39,$13.85,0.33,$0.91,5.04,$0.40,11.5,$0.02B,$0.01B,1.43,$0.00B,$0.03B,0.14,$0.11B,$0.02B,16.36%,$0.11B,$0.01B,4.55%,$0.11B,$0.01B,4.55%,$0.11B,$0.01B,5.45%,$0.11B,$0.01B,4.55%,$0.11B,$0.00B,3.64%,$0.00B,$0.03B,15.69%,$0.00B,$0.00B,160.00%,$0.00B,$0.04B,8.84%,$0.01B,$0.03B,15.04%,$25,$21,$4,$0,$3,$24,$1,$-0,$1,$0,$1,$1,$1,$1,$1,$8,8,$0.08,$0.08,$1,$0,$1,$15,$3,$0,$23,$1,$27,$42,$10,$4,$0,$5,$15,$0,$0,$0,$27,$42,$3,$1,$2,$3,$-0,$0,$0,$1,$1,$7,$-1,$0,$-11,$0,$0,$0,$0,$-12,$5,$0,$5,$0,$0,$0,$0,$5,$0,$0,$0
40,2008-09-30,4.92,$3.24,1.52,$12.03,0.41,$0.70,7.0,$0.40,12.3,$0.02B,$0.01B,1.84,$0.01B,$0.03B,0.38,$0.09B,$0.02B,17.02%,$0.09B,$0.00B,4.26%,$0.09B,$0.00B,4.26%,$0.09B,$0.01B,5.32%,$0.09B,$0.00B,4.26%,$0.09B,$0.00B,3.19%,$0.00B,$0.03B,12.90%,$0.00B,$0.00B,92.31%,$0.00B,$0.05B,7.36%,$0.00B,$0.04B,13.22%,$31,$26,$5,$0,$3,$29,$2,$-0,$2,$1,$1,$1,$1,$2,$2,$8,8,$0.16,$0.16,$2,$0,$1,$21,$3,$0,$23,$1,$27,$48,$11,$10,$1,$11,$22,$0,$-0,$0,$26,$48,$3,$1,$0,$1,$-5,$0,$-0,$3,$-2,$1,$-1,$0,$-11,$0,$0,$0,$0,$-12,$11,$0,$11,$0,$0,$0,$0,$11,$1,$0,$0
41,2008-06-30,4.64,$3.10,1.5,$10.13,0.46,$1.06,4.37,$0.32,14.5,$0.02B,$0.01B,1.61,$0.01B,$0.03B,0.39,$0.08B,$0.01B,18.42%,$0.08B,$0.00B,3.95%,$0.08B,$0.00B,3.95%,$0.08B,$0.00B,5.26%,$0.08B,$0.00B,3.95%,$0.08B,$0.00B,2.63%,$0.00B,$0.03B,9.41%,$0.00B,$0.00B,44.44%,$0.00B,$0.05B,5.88%,$0.00B,$0.03B,11.65%,$30,$25,$5,$0,$3,$28,$1,$-0,$1,$1,$1,$1,$1,$2,$1,$8,8,$0.08,$0.08,$1,$0,$1,$21,$3,$0,$23,$1,$27,$48,$13,$10,$1,$10,$23,$0,$-1,$0,$25,$48,$1,$1,$0,$1,$-5,$0,$1,$2,$-1,$1,$-1,$0,$-11,$0,$0,$0,$0,$-11,$11,$0,$11,$0,$0,$0,$0,$11,$1,$0,$0
42,2008-03-31,4.68,$3.00,1.56,$8.44,0.55,$1.28,3.66,$0.36,13.0,$0.02B,$0.01B,1.68,$0.01B,$0.02B,0.4,$0.06B,$0.01B,21.67%,$0.06B,$0.00B,5.00%,$0.06B,$0.00B,5.00%,$0.06B,$0.00B,5.00%,$0.06B,$0.00B,5.00%,$0.06B,$0.00B,3.33%,$0.00B,$0.02B,10.39%,$0.00B,$0.00B,34.78%,$0.00B,$0.04B,7.27%,$0.00B,$0.03B,13.79%,$24,$20,$4,$0,$3,$23,$1,$-0,$1,$0,$1,$1,$1,$1,$1,$7,8,$0.08,$0.08,$1,$0,$1,$16,$3,$0,$23,$1,$27,$43,$10,$9,$1,$10,$20,$0,$-2,$0,$24,$43,$1,$0,$-0,$0,$-0,$0,$-1,$1,$-0,$1,$-0,$0,$-11,$0,$0,$0,$0,$-11,$11,$0,$11,$0,$0,$0,$0,$11,$0,$0,$0
43,2007-12-31,4.92,$2.71,1.81,$6.98,0.71,$1.38,3.56,$0.36,13.67,$0.01B,$0.01B,1.78,$0.00B,$0.02B,0.0,$0.05B,$0.01B,25.53%,$0.05B,$0.00B,6.38%,$0.05B,$0.00B,6.38%,$0.05B,$0.00B,6.38%,$0.05B,$0.00B,6.38%,$0.05B,$0.00B,2.13%,$0.00B,$0.02B,5.80%,$0.00B,$0.01B,14.29%,$0.00B,$0.02B,4.49%,$0.00B,$0.02B,16.44%,$9,$7,$2,$0,$2,$9,$0,$-0,$0,$0,$0,$0,$0,$0,$0,$7,7,$0.04,$0.04,$1,$0,$0,$9,$2,$0,$12,$1,$15,$24,$5,$0,$1,$1,$6,$0,$-3,$0,$18,$24,$2,$1,$1,$1,$-0,$0,$-0,$1,$0,$4,$-0,$0,$-2,$0,$0,$0,$0,$-2,$-1,$0,$-1,$0,$0,$0,$0,$-1,$1,$0,$0
44,2007-09-30,4.96,$2.65,1.87,$6.53,0.76,$1.25,3.97,$0.52,9.54,$0.01B,$0.00B,2.47,$0.00B,$0.02B,0.01,$0.04B,$0.01B,27.27%,$0.04B,$0.00B,6.82%,$0.04B,$0.00B,6.82%,$0.04B,$0.00B,9.09%,$0.04B,$0.00B,6.82%,$0.04B,$0.00B,6.82%,$0.00B,$0.02B,18.18%,$0.00B,$0.01B,44.44%,$0.00B,$0.02B,13.79%,$0.00B,$0.02B,16.67%,$13,$10,$3,$0,$2,$13,$1,$0,$1,$0,$0,$0,$0,$1,$1,$7,7,$0.08,$0.08,$0,$0,$0,$8,$2,$0,$10,$0,$14,$21,$3,$0,$1,$1,$4,$0,$-3,$0,$18,$21,$2,$1,$0,$1,$-1,$0,$-0,$1,$1,$3,$-0,$0,$-2,$0,$0,$0,$0,$-2,$-1,$0,$-1,$0,$0,$0,$0,$-1,$0,$0,$0
45,2007-06-30,5.4,$2.55,2.12,$6.20,0.87,$1.07,5.05,$0.56,9.64,$0.01B,$0.00B,2.24,$0.00B,$0.02B,0.08,$0.04B,$0.01B,28.57%,$0.04B,$0.00B,7.14%,$0.04B,$0.00B,7.14%,$0.04B,$0.00B,9.52%,$0.04B,$0.00B,7.14%,$0.04B,$0.00B,9.52%,$0.00B,$0.02B,25.81%,$0.00B,$0.01B,64.00%,$0.00B,$0.02B,18.82%,$0.00B,$0.02B,17.14%,$14,$10,$4,$0,$2,$13,$1,$-0,$1,$0,$1,$1,$1,$1,$1,$7,7,$0.12,$0.12,$0,$0,$0,$9,$2,$0,$10,$0,$14,$22,$4,$1,$0,$2,$5,$0,$-4,$0,$17,$22,$1,$0,$0,$1,$-1,$0,$0,$1,$0,$2,$-0,$0,$-2,$0,$0,$0,$0,$-2,$0,$0,$0,$0,$0,$0,$0,$0,$0,$0,$0
46,2007-03-31,5.28,$2.40,2.2,$5.87,0.9,$0.92,5.75,$0.56,9.43,$0.01B,$0.00B,2.41,$0.00B,$0.02B,0.16,$0.04B,$0.01B,28.21%,$0.04B,$0.00B,7.69%,$0.04B,$0.00B,7.69%,$0.04B,$0.00B,10.26%,$0.04B,$0.00B,7.69%,$0.04B,$0.00B,10.26%,$0.00B,$0.02B,27.59%,$0.00B,$0.01B,69.57%,$0.00B,$0.02B,19.51%,$0.00B,$0.02B,17.65%,$11,$8,$3,$0,$2,$11,$1,$-0,$1,$0,$0,$0,$0,$1,$1,$7,7,$0.08,$0.08,$1,$0,$0,$7,$2,$0,$10,$0,$14,$22,$3,$3,$0,$3,$6,$0,$-5,$0,$16,$22,$0,$0,$0,$0,$0,$0,$-0,$0,$0,$1,$-0,$0,$-2,$0,$0,$0,$0,$-2,$1,$0,$1,$0,$0,$0,$0,$2,$1,$0,$0
47,2006-12-31,5.08,$2.33,2.18,$5.63,0.9,$0.93,5.47,$0.56,9.07,$0.01B,$0.01B,1.48,$0.00B,$0.02B,0.08,$0.04B,$0.01B,26.32%,$0.04B,$0.00B,7.89%,$0.04B,$0.00B,7.89%,$0.04B,$0.00B,10.53%,$0.04B,$0.00B,7.89%,$0.04B,$0.01B,13.16%,$0.01B,$0.02B,37.04%,$0.01B,$0.01B,95.24%,$0.01B,$0.02B,25.64%,$0.00B,$0.02B,18.75%,$6,$4,$2,$0,$1,$6,$0,$-0,$0,$0,$1,$1,$2,$1,$0,$7,7,$0.28,$0.28,$0,$0,$0,$7,$2,$0,$10,$0,$15,$22,$5,$1,$0,$2,$6,$0,$-5,$0,$15,$22,$4,$1,$0,$2,$-1,$0,$0,$-1,$-2,$4,$-1,$0,$-2,$0,$0,$0,$0,$-3,$-1,$0,$-1,$0,$0,$0,$0,$-1,$-0,$0,$0
