,Date,Stock Price,Book Value per Share,Price to Book Ratio,TTM Sales per Share,Price to Sales Ratio,TTM FCF per Share,Price to FCF Ratio,TTM Net EPS,PE Ratio,Current Assets,Current Liabilities,Current Ratio,Long Term Debt,Shareholder's Equity_x,Debt to Equity Ratio,TTM Revenue_x,TTM Gross Profit,Gross Margin,TTM Revenue_y,TTM Operating Income,Operating Margin,TTM Revenue_x,TTM EBIT,EBIT Margin,TTM Revenue_y,TTM EBITDA,EBITDA Margin,TTM Revenue_x,TTM Pre-Tax Income,Pre-Tax Margin,TTM Revenue_y,TTM Net Income_x,Net Margin,TTM Net Income_y,Shareholder's Equity_y,Return on Equity,TTM Net Income_x,Tangible Equity,Return on Tangible Equity,TTM Net Income_y,Total Assets,Return on Assets,TTM Net Income,LT Investments & Debt,Return on Investment,revenue,cost-goods-sold,gross-profit,research-development-expenses,selling-general-administrative-expenses,operating-expenses,operating-income,total-non-operating-income-expense,pre-tax-income,total-provision-income-taxes,income-after-taxes,income-from-continuous-operations,net-income,ebitda,ebit,basic-shares-outstanding,shares-outstanding,eps-basic-net-earnings-per-share,eps-earnings-per-share-diluted,cash-on-hand,inventory,other-current-assets,total-current-assets,net-property-plant-equipment,long-term-investments,goodwill-intangible-assets-total,other-long-term-assets,total-long-term-assets,total-assets,total-current-liabilities,long-term-debt,other-non-current-liabilities,total-long-term-liabilities,total-liabilities,common-stock-net,retained-earnings-accumulated-deficit,comprehensive-income,total-share-holder-equity,total-liabilities-share-holders-equity,net-income-loss,total-depreciation-amortization-cash-flow,other-non-cash-items,total-non-cash-items,change-in-accounts-receivable,change-in-inventories,change-in-accounts-payable,change-in-assets-liabilities,total-change-in-assets-liabilities,cash-flow-from-operating-activities,net-change-in-property-plant-equipment,net-change-in-intangible-assets,net-acquisitions-divestitures,net-change-in-short-term-investments,net-change-in-long-term-investments,net-change-in-investments-total,investing-activities-other,cash-flow-from-investing-activities,net-long-term-debt,net-current-debt,debt-issuance-retirement-net-total,net-common-equity-issued-repurchased,net-total-equity-issued-repurchased,total-common-preferred-stock-dividends-paid,financial-activities-other,cash-flow-from-financial-activities,net-cash-flow,stock-based-compensation,common-stock-dividends-paid
0,2018-09-30,26.98,$22.17,1.22,$39.35,0.69,$5.12,5.27,$0.09,299.78,$4.97B,$2.74B,1.82,$4.82B,$5.22B,0.92,$10.04B,$3.96B,39.38%,$10.04B,$0.89B,8.83%,$10.04B,$0.89B,8.83%,$10.04B,$1.41B,14.07%,$10.04B,$0.69B,6.82%,$10.04B,$0.03B,0.34%,$0.03B,$5.44B,0.61%,$0.03B,$1.31B,2.40%,$0.03B,$15.35B,0.22%,$0.89B,$10.25B,8.44%,$2352,$1410,$942,$102,$583,$2062,$290,$-98,$192,$142,$50,$93,$89,$410,$290,$251,254,$0.34,$0.34,$1157,$958,$232,$4970,$527,$1362,$4131,$964,$10383,$15353,$2736,$4815,$231,$7181,$9917,$256,$4997,$-3711,$5436,$15353,$233,$398,$13,$411,$37,$-91,$0,$25,$51,$725,$-41,$0,$0,$0,$0,$0,$1,$-40,$-304,$-2,$-306,$-284,$-284,$-204,$-21,$-815,$-150,$44,$-204
1,2018-06-30,24.0,$22.04,1.09,$39.57,0.61,$1.69,14.22,$0.42,57.14,$5.08B,$2.75B,1.85,$4.81B,$5.41B,0.89,$10.19B,$4.01B,39.40%,$10.19B,$0.86B,8.47%,$10.19B,$0.86B,8.47%,$10.19B,$1.40B,13.74%,$10.19B,$0.66B,6.48%,$10.19B,$0.12B,1.22%,$0.12B,$5.62B,2.20%,$0.12B,$1.48B,8.61%,$0.12B,$15.56B,0.77%,$0.86B,$10.44B,8.10%,$2510,$1509,$1001,$101,$624,$2292,$218,$-85,$133,$38,$95,$114,$112,$333,$218,$255,258,$0.42,$0.42,$1263,$947,$233,$5080,$564,$1344,$4141,$889,$10476,$15556,$2754,$4813,$215,$7180,$9934,$255,$4974,$-3772,$5622,$15556,$140,$278,$38,$316,$36,$-71,$0,$15,$-37,$451,$-18,$0,$0,$0,$0,$0,$1,$-17,$-305,$-1,$-306,$0,$0,$-135,$-15,$-456,$-41,$29,$-135
2,2018-03-31,28.48,$22.76,1.25,$39.60,0.72,$1.04,27.31,$0.63,45.21,$5.39B,$3.15B,1.71,$4.81B,$5.58B,0.86,$10.25B,$4.06B,39.59%,$10.25B,$0.96B,9.37%,$10.25B,$0.96B,9.37%,$10.25B,$1.52B,14.81%,$10.25B,$0.72B,7.03%,$10.25B,$0.18B,1.74%,$0.18B,$5.80B,3.20%,$0.18B,$1.57B,13.01%,$0.18B,$16.18B,1.09%,$0.96B,$10.61B,9.19%,$2435,$1465,$970,$100,$628,$2229,$206,$-72,$134,$40,$94,$26,$23,$369,$206,$255,255,$0.08,$0.08,$1398,$1001,$254,$5386,$602,$1378,$4230,$911,$10789,$16175,$3152,$4811,$229,$7227,$10379,$255,$4927,$-3537,$5796,$16175,$26,$163,$48,$211,$46,$-87,$0,$-18,$-34,$216,$7,$0,$0,$0,$0,$0,$-9,$-2,$-36,$-1,$-37,$-1,$-1,$-67,$-12,$-117,$106,$16,$-64
3,2017-12-31,28.6,$21.63,1.32,$39.69,0.72,$0.31,92.6,$0.63,45.4,$5.23B,$2.74B,1.91,$5.24B,$5.29B,0.99,$10.27B,$4.06B,39.56%,$10.27B,$0.98B,9.59%,$10.27B,$0.98B,9.59%,$10.27B,$1.51B,14.72%,$10.27B,$0.57B,5.55%,$10.27B,$0.20B,1.90%,$0.20B,$5.51B,3.60%,$0.20B,$1.31B,15.60%,$0.20B,$15.95B,1.20%,$0.98B,$10.74B,9.52%,$2747,$1705,$1042,$128,$741,$2574,$173,$53,$226,$444,$-218,$-193,$-190,$301,$173,$254,254,$-0.76,$-0.74,$1293,$915,$236,$5230,$629,$1404,$4198,$682,$10716,$15946,$2741,$5235,$206,$7698,$10439,$255,$4856,$-3748,$5507,$15946,$207,$527,$-52,$475,$-529,$-69,$0,$9,$-620,$34,$-66,$0,$-67,$0,$0,$0,$102,$-31,$-824,$2,$-822,$-15,$-15,$-291,$143,$-985,$-930,$52,$-274
4,2017-09-30,32.39,$22.01,1.47,$39.68,0.82,$4.49,7.22,$2.07,15.65,$5.63B,$3.45B,1.63,$5.24B,$5.39B,0.97,$10.25B,$4.11B,40.12%,$10.25B,$1.15B,11.25%,$10.25B,$1.15B,11.25%,$10.25B,$1.69B,16.47%,$10.25B,$0.52B,5.10%,$10.25B,$0.56B,5.46%,$0.56B,$5.60B,10.61%,$0.56B,$1.41B,48.96%,$0.56B,$16.82B,3.35%,$1.15B,$10.84B,11.28%,$2497,$1496,$1001,$105,$630,$2231,$266,$-99,$167,$18,$149,$179,$179,$397,$266,$255,263,$0.69,$0.68,$1781,$1039,$402,$5629,$636,$1441,$4198,$684,$11188,$16817,$3452,$5235,$178,$7761,$11213,$255,$5116,$-3895,$5604,$16817,$394,$399,$-641,$-242,$-174,$-187,$0,$135,$-266,$-127,$-68,$0,$-56,$0,$0,$0,$143,$19,$-337,$1,$-336,$0,$0,$-223,$129,$-430,$-483,$39,$-223
5,2017-06-30,27.75,$21.14,1.31,$40.57,0.68,$7.12,3.9,$2.07,13.41,$4.98B,$3.41B,1.46,$4.24B,$5.16B,0.82,$10.38B,$4.15B,39.96%,$10.38B,$1.14B,11.00%,$10.38B,$1.14B,11.00%,$10.38B,$1.69B,16.25%,$10.38B,$0.52B,5.03%,$10.38B,$0.56B,5.43%,$0.56B,$5.37B,8.97%,$0.56B,$1.19B,86.90%,$0.56B,$16.17B,3.02%,$1.14B,$9.61B,10.14%,$2567,$1524,$1043,$102,$626,$2252,$315,$-122,$193,$43,$150,$170,$166,$450,$315,$254,263,$0.64,$0.63,$1246,$944,$389,$4978,$636,$1398,$4179,$690,$11189,$16167,$3414,$4236,$188,$7381,$10795,$254,$5004,$-4010,$5372,$16167,$212,$268,$9,$277,$-140,$-88,$0,$81,$-183,$318,$-46,$0,$-76,$0,$0,$0,$81,$-41,$-1325,$1,$-1324,$0,$0,$-155,$141,$-1338,$-1025,$25,$-155
6,2017-03-31,28.12,$20.38,1.38,$41.84,0.67,$6.58,4.27,$2.04,13.78,$4.72B,$2.62B,1.8,$4.99B,$4.97B,1.0,$10.61B,$4.22B,39.75%,$10.61B,$1.13B,10.64%,$10.61B,$1.13B,10.64%,$10.61B,$1.68B,15.86%,$10.61B,$0.52B,4.90%,$10.61B,$0.56B,5.24%,$0.56B,$5.18B,7.58%,$0.56B,$1.09B,349.14%,$0.56B,$15.92B,2.67%,$1.13B,$10.17B,8.97%,$2454,$1479,$975,$111,$634,$2224,$230,$-246,$-16,$-24,$8,$48,$40,$363,$230,$254,254,$0.14,$0.14,$1045,$898,$426,$4715,$641,$1477,$4088,$689,$11201,$15916,$2624,$4988,$191,$8112,$10736,$1017,$4987,$-4179,$5180,$15916,$42,$133,$6,$139,$-77,$-58,$0,$10,$-145,$52,$-16,$0,$-11,$0,$0,$0,$16,$-11,$-1325,$1,$-1324,$-7,$-7,$-87,$160,$-1258,$-1208,$13,$-81
7,2016-12-31,22.79,$19.56,1.17,$42.51,0.54,$6.34,3.59,$2.08,10.96,$6.99B,$4.65B,1.5,$5.31B,$4.75B,1.12,$10.77B,$4.26B,39.56%,$10.77B,$1.09B,10.12%,$10.77B,$1.09B,10.12%,$10.77B,$1.65B,15.35%,$10.77B,$0.57B,5.27%,$10.77B,$0.55B,5.11%,$0.55B,$4.96B,6.53%,$0.55B,$0.88B,-152.67%,$0.55B,$18.05B,2.39%,$1.09B,$10.27B,7.92%,$2734,$1640,$1094,$113,$639,$2392,$342,$-163,$179,$18,$161,$184,$175,$479,$342,$254,254,$0.68,$0.68,$2223,$841,$619,$6992,$660,$1294,$4077,$683,$11059,$18051,$4654,$5305,$193,$8436,$13090,$254,$4934,$-4337,$4961,$18051,$-460,$563,$1492,$2055,$-151,$7,$0,$-117,$-687,$1095,$-68,$0,$-30,$0,$0,$0,$-299,$-397,$-963,$1888,$925,$8,$8,$-331,$-18,$584,$995,$50,$-307
8,2016-09-30,26.23,$38.05,0.69,$43.36,0.6,$8.69,3.02,$2.48,10.58,$7.01B,$5.78B,1.21,$5.35B,$9.29B,0.58,$10.98B,$4.34B,39.49%,$10.98B,$1.08B,9.79%,$10.98B,$1.08B,9.79%,$10.98B,$1.18B,10.75%,$10.98B,$0.68B,6.15%,$10.98B,$0.63B,5.69%,$0.63B,$9.64B,6.55%,$0.63B,$-0.57B,87.72%,$0.63B,$24.64B,2.51%,$1.08B,$14.99B,7.10%,$2629,$1592,$1037,$118,$664,$2374,$255,$-89,$166,$28,$138,$178,$183,$395,$255,$253,253,$0.69,$0.69,$1423,$1019,$721,$7007,$958,$1524,$10216,$1992,$17635,$24642,$5782,$5346,$389,$9217,$14999,$1014,$9801,$-4632,$9643,$24642,$380,$426,$304,$730,$-173,$-104,$0,$-99,$-799,$522,$-42,$0,$-17,$0,$0,$0,$-202,$-261,$-959,$1000,$41,$6,$6,$-246,$-14,$-213,$47,$31,$-228
9,2016-06-30,24.39,$37.76,0.65,$49.57,0.49,$8.96,2.72,$1.64,14.87,$6.85B,$5.90B,1.16,$5.36B,$9.22B,0.58,$12.69B,$4.29B,33.79%,$12.69B,$0.82B,6.44%,$12.69B,$0.82B,6.44%,$12.69B,$1.10B,8.67%,$12.69B,$0.34B,2.66%,$12.69B,$0.40B,3.17%,$0.40B,$9.57B,4.23%,$0.40B,$-0.77B,71.47%,$0.40B,$24.64B,1.61%,$0.82B,$14.92B,5.32%,$2793,$1681,$1112,$119,$691,$2491,$302,$-111,$191,$18,$173,$199,$158,$446,$302,$253,253,$0.60,$0.60,$1203,$1017,$761,$6851,$973,$1471,$10331,$2023,$17790,$24641,$5895,$5355,$394,$9181,$15076,$1013,$9704,$-4586,$9565,$24641,$194,$286,$126,$412,$-160,$-92,$0,$-184,$-624,$152,$-26,$0,$-18,$0,$0,$0,$-148,$-192,$-956,$998,$42,$3,$3,$-161,$-13,$-129,$-185,$17,$-149
10,2016-03-31,28.43,$37.56,0.76,$55.16,0.52,$9.64,2.95,$1.08,26.33,$6.81B,$6.15B,1.11,$5.36B,$9.16B,0.59,$14.48B,$4.60B,31.77%,$14.48B,$0.89B,6.17%,$14.48B,$0.89B,6.17%,$14.48B,$1.33B,9.18%,$14.48B,$0.22B,1.52%,$14.48B,$0.26B,1.77%,$0.26B,$9.51B,2.63%,$0.26B,$-0.99B,37.07%,$0.26B,$24.86B,1.01%,$0.89B,$14.87B,5.67%,$2615,$1597,$1018,$126,$701,$2424,$191,$-159,$32,$-2,$34,$71,$34,$333,$191,$253,253,$0.12,$0.12,$1189,$1034,$722,$6808,$1000,$1432,$10498,$2065,$18049,$24857,$6146,$5359,$431,$9199,$15345,$1013,$9635,$-4554,$9512,$24857,$36,$142,$43,$185,$-49,$-99,$0,$-74,$-330,$-25,$0,$0,$-18,$0,$0,$0,$-107,$-125,$-704,$749,$45,$1,$1,$-77,$-11,$-42,$-182,$10,$-71
11,2015-12-31,26.89,$37.38,0.72,$60.93,0.44,$9.93,2.71,$1.72,15.63,$6.69B,$5.25B,1.27,$6.32B,$9.12B,0.69,$16.34B,$4.98B,30.46%,$16.34B,$1.04B,6.37%,$16.34B,$1.04B,6.37%,$16.34B,$1.63B,9.98%,$16.34B,$0.39B,2.38%,$16.34B,$0.45B,2.74%,$0.45B,$9.47B,4.47%,$0.45B,$5.18B,48.68%,$0.45B,$25.54B,1.73%,$1.04B,$15.78B,6.40%,$2946,$1776,$1170,$128,$715,$2619,$327,$-40,$287,$58,$229,$261,$250,$7,$327,$253,253,$1.00,$0.96,$1228,$901,$458,$6685,$717,$1382,$4291,$2210,$18856,$25541,$5254,$6317,$238,$10821,$16075,$1013,$9686,$-4642,$9466,$25541,$466,$590,$1351,$1941,$-128,$-101,$0,$-320,$-786,$1611,$8,$0,$-13,$0,$0,$0,$513,$508,$-223,$-147,$-370,$-1334,$-1334,$-326,$-44,$-2074,$-24,$27,$-302
12,2015-09-30,24.45,$37.56,0.65,$67.14,0.36,$10.62,2.3,$1.16,21.08,$7.00B,$5.38B,1.3,$6.39B,$9.16B,0.7,$18.43B,$5.42B,29.43%,$18.43B,$1.24B,6.71%,$18.43B,$1.24B,6.71%,$18.43B,$1.72B,9.31%,$18.43B,$0.45B,2.44%,$18.43B,$0.35B,1.92%,$0.35B,$9.51B,3.39%,$0.35B,$-1.17B,-114.24%,$0.35B,$24.95B,1.34%,$1.24B,$15.90B,7.43%,$4333,$3346,$987,$135,$855,$4336,$-3,$-170,$-173,$-105,$-68,$-28,$-40,$314,$-3,$261,261,$-0.16,$-0.16,$804,$1110,$1044,$6999,$1044,$1387,$10679,$1776,$17947,$24946,$5382,$6393,$403,$10058,$15440,$1078,$9493,$-4399,$9506,$24946,$216,$910,$361,$1271,$-130,$-254,$0,$-48,$-732,$733,$-168,$0,$738,$0,$0,$0,$-43,$527,$-222,$51,$-171,$-1335,$-1335,$-249,$-41,$-1796,$-607,$37,$-231
13,2015-06-30,26.55,$39.09,0.68,$67.25,0.39,$11.84,2.24,$2.20,12.07,$7.83B,$5.73B,1.37,$6.00B,$10.10B,0.59,$18.89B,$5.98B,31.65%,$18.89B,$1.70B,9.01%,$18.89B,$1.70B,9.01%,$18.89B,$2.21B,11.71%,$18.89B,$0.91B,4.81%,$18.89B,$0.66B,3.49%,$0.66B,$10.45B,5.94%,$0.66B,$-0.25B,501.14%,$0.66B,$26.02B,2.44%,$1.70B,$16.44B,9.81%,$4590,$3164,$1426,$142,$906,$4212,$378,$-304,$74,$-9,$83,$112,$12,$675,$378,$272,276,$0.04,$0.04,$1641,$1072,$956,$7832,$1078,$1377,$10700,$1948,$18184,$26016,$5730,$5998,$418,$9840,$15570,$1097,$9605,$-4299,$10446,$26016,$247,$593,$340,$933,$-245,$-193,$0,$-175,$-675,$462,$-136,$0,$885,$0,$0,$0,$-16,$733,$673,$-770,$-97,$-598,$-598,$-159,$-54,$-908,$230,$45,$-147
14,2015-03-31,31.86,$38.45,0.83,$67.66,0.47,$12.24,2.6,$3.04,10.48,$8.36B,$5.73B,1.46,$6.27B,$10.25B,0.61,$19.24B,$6.14B,31.90%,$19.24B,$1.81B,9.39%,$19.24B,$1.81B,9.39%,$19.24B,$2.40B,12.45%,$19.24B,$1.14B,5.90%,$19.24B,$0.91B,4.75%,$0.91B,$10.60B,7.82%,$0.91B,$-0.08B,212.94%,$0.91B,$26.66B,3.30%,$1.81B,$16.86B,10.03%,$4469,$3075,$1394,$141,$915,$4131,$338,$-137,$201,$39,$162,$196,$225,$634,$338,$278,278,$0.80,$0.76,$872,$1009,$1002,$8358,$1087,$1383,$10670,$2105,$18299,$26657,$5731,$6265,$419,$10331,$16062,$1113,$9631,$-4540,$10595,$26657,$230,$296,$58,$354,$-239,$-126,$0,$-80,$-503,$113,$-59,$0,$-25,$0,$0,$0,$-14,$-98,$-354,$204,$-150,$-207,$-207,$-76,$-52,$-485,$-539,$22,$-70
15,2014-12-31,34.17,$39.77,0.86,$67.75,0.5,$12.84,2.66,$3.20,10.68,$8.87B,$6.08B,1.46,$6.31B,$10.75B,0.59,$19.54B,$6.25B,31.97%,$19.54B,$1.88B,9.63%,$19.54B,$1.88B,9.63%,$19.54B,$2.52B,12.90%,$19.54B,$1.21B,6.17%,$19.54B,$0.97B,4.96%,$0.97B,$11.10B,7.94%,$0.97B,$0.27B,138.63%,$0.97B,$27.66B,3.43%,$1.88B,$17.42B,10.21%,$5033,$3417,$1616,$150,$942,$4509,$524,$-176,$348,$78,$270,$311,$156,$93,$524,$282,282,$0.52,$0.52,$1411,$934,$1082,$8874,$1123,$1338,$10836,$2243,$18784,$27658,$6076,$6314,$454,$10480,$16556,$1124,$9535,$-4159,$11102,$27658,$1036,$639,$1130,$1769,$-392,$-22,$0,$-340,$-669,$2063,$-66,$0,$-24,$0,$0,$0,$-613,$-703,$-320,$145,$-175,$-1057,$-1057,$-313,$-79,$-1624,$-373,$63,$-289
16,2014-09-30,32.48,$42.95,0.76,$67.07,0.48,$12.74,2.55,$3.64,8.92,$7.88B,$5.70B,1.38,$6.36B,$11.91B,0.53,$19.71B,$6.30B,31.94%,$19.71B,$1.85B,9.37%,$19.71B,$1.85B,9.37%,$19.71B,$3.26B,16.55%,$19.71B,$1.18B,6.01%,$19.71B,$1.12B,5.68%,$1.12B,$12.26B,8.87%,$1.12B,$0.59B,124.68%,$1.12B,$27.88B,3.92%,$1.85B,$18.61B,9.72%,$4795,$3253,$1542,$139,$942,$4334,$461,$-175,$286,$66,$220,$264,$266,$810,$461,$287,287,$0.92,$0.88,$1015,$1069,$1219,$7882,$1388,$1365,$11668,$2340,$19995,$27877,$5703,$6355,$553,$9917,$15620,$1160,$9412,$-3228,$12257,$27877,$830,$1070,$153,$1223,$-485,$-137,$0,$-344,$-800,$1206,$-234,$0,$-290,$0,$0,$0,$-50,$-574,$-335,$0,$-335,$-721,$-721,$-236,$-35,$-1327,$-749,$76,$-218
17,2014-06-30,30.39,$44.24,0.69,$67.31,0.45,$13.25,2.29,$3.64,8.35,$7.98B,$5.69B,1.4,$6.35B,$12.41B,0.51,$20.15B,$6.40B,31.78%,$20.15B,$1.88B,9.31%,$20.15B,$1.88B,9.31%,$20.15B,$3.28B,16.29%,$20.15B,$1.23B,6.11%,$20.15B,$1.14B,5.65%,$1.14B,$12.75B,8.98%,$1.14B,$0.94B,120.69%,$1.14B,$28.51B,3.95%,$1.88B,$19.11B,9.84%,$4941,$3356,$1585,$143,$959,$4458,$483,$-182,$301,$73,$228,$261,$266,$859,$483,$290,290,$0.88,$0.88,$1007,$1077,$1174,$7979,$1433,$1403,$11819,$2513,$20529,$28508,$5690,$6354,$593,$10064,$15754,$1165,$9226,$-2802,$12754,$28508,$558,$721,$147,$868,$-389,$-103,$0,$-274,$-782,$611,$-151,$0,$-266,$0,$0,$0,$-29,$-446,$-295,$0,$-295,$-441,$-441,$-153,$-21,$-910,$-757,$50,$-141
18,2014-03-31,27.47,$43.47,0.63,$67.81,0.41,$12.61,2.18,$3.60,7.63,$8.46B,$6.60B,1.28,$5.90B,$12.34B,0.48,$20.60B,$6.52B,31.62%,$20.60B,$1.90B,9.22%,$20.60B,$1.90B,9.22%,$20.60B,$3.27B,15.89%,$20.60B,$1.26B,6.13%,$20.60B,$1.14B,5.55%,$1.14B,$12.69B,9.11%,$1.14B,$1.01B,136.88%,$1.14B,$28.87B,3.94%,$1.90B,$18.58B,10.03%,$4771,$3268,$1503,$145,$945,$4358,$413,$-142,$271,$42,$229,$271,$281,$758,$413,$295,295,$0.92,$0.92,$1567,$1044,$1184,$8462,$1438,$1384,$11679,$2520,$20406,$28868,$6600,$5896,$611,$9583,$16183,$1186,$9039,$-2838,$12685,$28868,$286,$345,$54,$399,$-239,$-60,$0,$-121,$-383,$286,$-51,$0,$-54,$0,$0,$0,$-15,$-120,$4,$0,$4,$-256,$-256,$-74,$-23,$-349,$-197,$26,$-68
19,2013-12-31,29.42,$42.98,0.68,$68.60,0.43,$11.26,2.61,$3.60,8.17,$8.51B,$5.69B,1.5,$6.90B,$12.42B,0.56,$21.04B,$6.60B,31.37%,$21.04B,$1.88B,8.93%,$21.04B,$1.88B,8.93%,$21.04B,$3.24B,15.39%,$21.04B,$1.29B,6.14%,$21.04B,$1.16B,5.51%,$1.16B,$12.77B,9.36%,$1.16B,$1.06B,177.28%,$1.16B,$29.04B,3.96%,$1.88B,$19.67B,9.81%,$5207,$3541,$1666,$153,$1023,$4717,$490,$-164,$326,$67,$259,$302,$306,$836,$490,$303,303,$1.00,$0.96,$1764,$998,$1207,$8511,$1466,$1285,$11708,$2590,$20525,$29036,$5686,$6904,$757,$10582,$16268,$1210,$8839,$-2779,$12768,$29036,$1179,$1358,$460,$1818,$-576,$-38,$0,$169,$-474,$2375,$-260,$0,$-129,$0,$0,$0,$-63,$-452,$-439,$5,$-434,$-629,$-629,$-352,$13,$-1402,$518,$90,$-328
20,2013-09-30,24.76,$40.71,0.61,$64.58,0.38,$11.05,2.24,$3.68,6.73,$8.07B,$5.65B,1.43,$6.41B,$12.18B,0.53,$20.10B,$6.60B,32.83%,$20.10B,$1.91B,9.51%,$20.10B,$1.91B,9.51%,$20.10B,$3.26B,16.22%,$20.10B,$1.28B,6.35%,$20.10B,$1.19B,5.91%,$1.19B,$12.53B,9.75%,$1.19B,$0.77B,275.80%,$1.19B,$29.02B,4.03%,$1.91B,$18.94B,10.01%,$5235,$3585,$1650,$145,$1015,$4745,$490,$-156,$334,$85,$249,$292,$286,$830,$490,$309,309,$0.92,$0.88,$948,$1152,$1259,$8070,$1485,$1329,$11755,$2244,$20946,$29016,$5646,$6406,$755,$10841,$16487,$1247,$8608,$-3277,$12529,$29016,$868,$1012,$249,$1261,$-557,$-182,$0,$135,$-632,$1407,$-201,$0,$-144,$0,$0,$0,$-54,$-399,$-931,$0,$-931,$-130,$-130,$-219,$-22,$-1302,$-298,$78,$-201
21,2013-06-30,21.7,$39.67,0.55,$63.95,0.34,$8.79,2.47,$3.64,5.96,$8.21B,$6.31B,1.3,$6.37B,$11.87B,0.54,$20.14B,$6.61B,32.82%,$20.14B,$1.89B,9.38%,$20.14B,$1.89B,9.38%,$20.14B,$3.24B,16.07%,$20.14B,$1.26B,6.24%,$20.14B,$1.18B,5.88%,$1.18B,$12.22B,9.68%,$1.18B,$0.50B,268.33%,$1.18B,$29.33B,3.97%,$1.89B,$18.59B,9.74%,$5391,$3694,$1697,$149,$1041,$4884,$507,$-175,$332,$68,$264,$300,$271,$850,$507,$308,308,$0.88,$0.84,$929,$1109,$1260,$8212,$1499,$1273,$11720,$2252,$21115,$29327,$6305,$6366,$743,$10799,$17104,$1233,$8400,$-3522,$12223,$29327,$577,$672,$181,$853,$-502,$-141,$0,$-254,$-920,$446,$-158,$0,$-120,$0,$0,$0,$-39,$-317,$-321,$0,$-321,$33,$33,$-136,$-7,$-431,$-317,$59,$-124
22,2013-03-31,20.44,$39.07,0.52,$62.52,0.33,$8.00,2.56,$3.68,5.56,$8.26B,$5.63B,1.47,$7.43B,$11.65B,0.64,$20.12B,$6.67B,33.13%,$20.12B,$1.92B,9.52%,$20.12B,$1.92B,9.52%,$20.12B,$3.23B,16.07%,$20.12B,$1.27B,6.32%,$20.12B,$1.22B,6.07%,$1.22B,$12.00B,9.93%,$1.22B,$0.28B,243.79%,$1.22B,$29.57B,4.08%,$1.92B,$19.43B,9.63%,$5202,$3616,$1586,$154,$1040,$4810,$392,$-92,$300,$50,$250,$297,$296,$721,$392,$306,306,$0.92,$0.92,$993,$1096,$1215,$8260,$1523,$1332,$11717,$2303,$21305,$29565,$5627,$7432,$741,$11943,$17570,$1228,$8208,$-3495,$11995,$29565,$300,$329,$43,$372,$-363,$-107,$0,$-175,$-722,$-87,$-82,$0,$-53,$0,$0,$0,$-18,$-153,$57,$0,$57,$2,$2,$-58,$-2,$-1,$-253,$31,$-52
23,2012-12-31,16.1,$39.27,0.41,$62.00,0.26,$8.24,1.95,$3.52,4.58,$8.27B,$5.91B,1.4,$7.45B,$11.66B,0.64,$20.42B,$6.79B,33.24%,$20.42B,$1.99B,9.75%,$20.42B,$1.99B,9.75%,$20.42B,$3.29B,16.12%,$20.42B,$1.28B,6.29%,$20.42B,$1.20B,5.85%,$1.20B,$12.01B,9.57%,$1.20B,$0.17B,186.72%,$1.20B,$30.02B,3.94%,$1.99B,$19.46B,9.78%,$4275,$2608,$1667,$160,$984,$3752,$523,$-213,$310,$53,$257,$304,$335,$859,$523,$326,326,$1.04,$1.04,$1246,$1011,$1162,$8273,$1556,$1381,$11845,$2337,$21742,$30015,$5910,$7447,$778,$12092,$18002,$1239,$7991,$-3227,$12013,$30015,$1223,$1301,$415,$1716,$-776,$0,$0,$346,$-277,$2580,$-379,$0,$-276,$0,$0,$0,$-106,$-761,$-108,$0,$-108,$-1050,$-1050,$-255,$-59,$-1472,$344,$125,$-231
24,2012-09-30,17.22,$39.97,0.43,$63.96,0.27,$6.24,2.76,$3.52,4.89,$8.39B,$6.21B,1.35,$7.46B,$12.37B,0.6,$21.38B,$6.94B,32.44%,$21.38B,$2.04B,9.52%,$21.38B,$2.04B,9.52%,$21.38B,$3.36B,15.72%,$21.38B,$1.39B,6.50%,$21.38B,$1.22B,5.69%,$1.22B,$12.72B,9.67%,$1.22B,$0.82B,166.66%,$1.22B,$30.24B,4.01%,$2.04B,$20.17B,10.00%,$5275,$3614,$1661,$161,$1032,$4807,$468,$-154,$314,$62,$252,$286,$282,$807,$468,$323,323,$0.84,$0.84,$882,$1128,$1122,$8386,$1566,$1442,$11899,$2375,$21853,$30239,$6213,$7458,$768,$11311,$17524,$1322,$7716,$-2546,$12715,$30239,$880,$965,$126,$1091,$-1021,$-128,$0,$163,$-1123,$807,$-275,$0,$-243,$0,$0,$0,$-83,$-601,$742,$0,$742,$-716,$-716,$-195,$-53,$-222,$-20,$92,$-177
25,2012-06-30,18.36,$38.23,0.48,$63.64,0.29,$5.87,3.13,$3.56,5.16,$8.01B,$5.38B,1.49,$8.06B,$12.15B,0.66,$21.69B,$7.11B,32.75%,$21.69B,$2.10B,9.69%,$21.69B,$2.10B,9.69%,$21.69B,$3.39B,15.63%,$21.69B,$1.44B,6.66%,$21.69B,$1.26B,5.79%,$1.26B,$12.50B,9.87%,$1.26B,$0.74B,146.96%,$1.26B,$29.84B,4.13%,$2.10B,$20.56B,10.31%,$5368,$3617,$1751,$161,$1057,$4835,$533,$-186,$347,$64,$283,$314,$309,$846,$533,$333,333,$0.92,$0.88,$814,$1073,$1213,$8012,$1553,$1367,$11752,$2260,$21829,$29841,$5382,$8061,$793,$11964,$17346,$1348,$7496,$-2878,$12495,$29841,$592,$626,$86,$712,$-608,$-84,$0,$-193,$-1061,$213,$-166,$0,$-87,$0,$0,$0,$-59,$-312,$543,$0,$543,$-348,$-348,$-126,$-61,$8,$-88,$62,$-114
26,2012-03-31,18.74,$37.81,0.5,$63.56,0.29,$6.18,3.03,$3.56,5.26,$8.88B,$5.80B,1.53,$8.48B,$12.39B,0.69,$21.94B,$7.23B,32.96%,$21.94B,$2.15B,9.81%,$21.94B,$2.15B,9.81%,$21.94B,$3.43B,15.62%,$21.94B,$1.50B,6.83%,$21.94B,$1.26B,5.74%,$1.26B,$12.74B,9.71%,$1.26B,$0.83B,123.19%,$1.26B,$31.15B,4.10%,$2.15B,$21.22B,10.55%,$5503,$3795,$1708,$173,$1068,$5036,$467,$-154,$313,$77,$236,$276,$269,$780,$467,$334,334,$0.80,$0.76,$1514,$1065,$1100,$8882,$1603,$1338,$11907,$2271,$22269,$31151,$5795,$8483,$834,$12616,$18411,$1348,$7250,$-2654,$12740,$31151,$276,$313,$32,$345,$-452,$-34,$0,$-18,$-605,$-15,$-87,$0,$-87,$0,$0,$0,$-40,$-214,$998,$0,$998,$-43,$-43,$-63,$-57,$835,$612,$31,$-57
27,2011-12-31,18.37,$37.01,0.5,$62.72,0.29,$6.20,2.96,$3.56,5.16,$7.91B,$6.38B,1.24,$7.09B,$12.03B,0.59,$21.90B,$7.32B,33.44%,$21.90B,$2.18B,9.97%,$21.90B,$2.18B,9.97%,$21.90B,$3.44B,15.68%,$21.90B,$1.54B,7.01%,$21.90B,$1.27B,5.80%,$1.27B,$12.37B,9.75%,$1.27B,$0.53B,120.08%,$1.27B,$30.12B,4.15%,$2.18B,$19.46B,10.83%,$5238,$3420,$1818,$177,$1074,$4671,$567,$-150,$417,$93,$324,$362,$357,$928,$567,$347,347,$1.08,$1.08,$902,$1021,$1058,$7912,$1612,$1395,$11845,$2116,$22204,$30116,$6381,$7088,$861,$11361,$17742,$1353,$7046,$-2716,$12374,$30116,$1328,$1251,$192,$1443,$-296,$-124,$0,$-440,$-689,$1961,$-310,$0,$-212,$0,$0,$0,$-153,$-675,$49,$0,$49,$-684,$-684,$-265,$-686,$-1586,$-309,$123,$-241
28,2011-09-30,16.0,$38.27,0.42,$65.69,0.24,$8.77,1.83,$3.00,5.33,$8.48B,$6.65B,1.28,$7.10B,$12.92B,0.55,$22.64B,$7.51B,33.19%,$22.64B,$2.24B,9.88%,$22.64B,$2.24B,9.88%,$22.64B,$3.42B,15.10%,$22.64B,$1.30B,5.72%,$22.64B,$1.07B,4.74%,$1.07B,$13.27B,8.21%,$1.07B,$1.31B,102.36%,$1.07B,$30.54B,3.49%,$2.24B,$20.37B,11.05%,$5583,$3755,$1828,$183,$1109,$5047,$536,$-169,$367,$81,$286,$329,$320,$837,$536,$349,349,$0.92,$0.88,$785,$1209,$1138,$8481,$1645,$1388,$11958,$2143,$22060,$30541,$6652,$7099,$888,$10620,$17272,$1425,$6736,$-1886,$13269,$30541,$945,$890,$-119,$771,$-548,$-278,$0,$-209,$-1012,$683,$-236,$0,$-188,$0,$0,$0,$-111,$-535,$602,$0,$602,$-295,$-295,$-200,$-680,$-573,$-426,$92,$-182
29,2011-06-30,23.76,$38.45,0.62,$65.34,0.36,$11.02,2.16,$2.80,8.49,$8.70B,$6.64B,1.31,$7.11B,$13.14B,0.54,$22.48B,$7.51B,33.40%,$22.48B,$2.20B,9.78%,$22.48B,$2.20B,9.78%,$22.48B,$3.36B,14.96%,$22.48B,$1.26B,5.59%,$22.48B,$1.00B,4.43%,$1.00B,$13.49B,7.76%,$1.00B,$1.42B,123.58%,$1.00B,$31.10B,3.23%,$2.20B,$20.60B,10.87%,$5614,$3737,$1877,$175,$1119,$5031,$583,$-182,$401,$108,$293,$327,$313,$881,$583,$351,351,$0.88,$0.88,$1098,$1129,$1104,$8695,$1687,$1318,$12075,$2116,$22400,$31095,$6638,$7113,$838,$10967,$17605,$1403,$6482,$-1575,$13490,$31095,$616,$589,$3,$592,$-286,$-137,$0,$-243,$-876,$317,$-161,$0,$-137,$0,$0,$0,$-70,$-368,$703,$0,$703,$25,$25,$-131,$-678,$-81,$-113,$63,$-119
30,2011-03-31,24.21,$37.15,0.65,$65.26,0.37,$13.30,1.82,$2.56,9.46,$9.22B,$6.12B,1.51,$7.23B,$12.66B,0.57,$22.38B,$7.55B,33.73%,$22.38B,$2.17B,9.72%,$22.38B,$2.17B,9.72%,$22.38B,$3.32B,14.84%,$22.38B,$1.18B,5.25%,$22.38B,$0.91B,4.07%,$0.91B,$13.01B,7.35%,$0.91B,$0.98B,234.34%,$0.91B,$30.86B,2.98%,$2.17B,$20.24B,10.71%,$5465,$3664,$1801,$184,$1119,$4967,$498,$-148,$350,$95,$255,$289,$281,$789,$498,$350,350,$0.80,$0.76,$1000,$1100,$1046,$9219,$1680,$1297,$12034,$1886,$21640,$30859,$6116,$7228,$815,$11730,$17846,$1401,$6230,$-1748,$13013,$30859,$289,$291,$8,$299,$-271,$-100,$0,$-108,$-591,$-30,$-69,$0,$-43,$0,$0,$0,$-41,$-153,$13,$0,$13,$16,$16,$-66,$-5,$-42,$-211,$32,$-60
31,2010-12-31,26.08,$35.80,0.73,$65.70,0.4,$14.75,1.77,$1.64,15.9,$8.64B,$6.42B,1.35,$7.24B,$12.16B,0.6,$21.63B,$7.45B,34.44%,$21.63B,$2.08B,9.60%,$21.63B,$2.08B,9.60%,$21.63B,$3.17B,14.67%,$21.63B,$0.82B,3.77%,$21.63B,$0.59B,2.70%,$0.59B,$12.51B,4.85%,$0.59B,$0.49B,1058.82%,$0.59B,$30.60B,1.92%,$2.08B,$19.75B,10.21%,$5976,$3968,$2008,$193,$1196,$5357,$619,$-442,$177,$24,$153,$179,$159,$912,$619,$331,331,$0.56,$0.56,$1211,$991,$1126,$8639,$1671,$1291,$12020,$1774,$21961,$30600,$6417,$7237,$797,$11675,$18092,$1398,$6016,$-1988,$12508,$30600,$637,$1097,$546,$1643,$-118,$-151,$0,$-181,$394,$2726,$-303,$0,$-1734,$0,$0,$0,$-141,$-2178,$-3056,$0,$-3056,$168,$168,$-230,$2,$-3116,$-2588,$123,$-215
32,2010-09-30,23.35,$35.77,0.65,$67.04,0.35,$17.22,1.36,$1.96,11.91,$8.90B,$6.24B,1.43,$7.86B,$12.06B,0.65,$19.88B,$7.13B,35.85%,$19.88B,$1.79B,9.00%,$19.88B,$1.79B,9.00%,$19.88B,$2.78B,13.98%,$19.88B,$0.83B,4.19%,$19.88B,$0.61B,3.05%,$0.61B,$12.41B,5.64%,$0.61B,$0.35B,83.47%,$0.61B,$30.85B,2.10%,$1.79B,$20.27B,9.29%,$5428,$3605,$1823,$189,$1136,$4930,$498,$-170,$328,$98,$230,$256,$244,$782,$498,$347,347,$0.72,$0.68,$975,$1177,$1110,$8897,$1660,$1256,$12060,$1795,$21950,$30847,$6244,$7860,$768,$12198,$18442,$1388,$5912,$-1871,$12405,$30847,$458,$804,$172,$976,$-318,$-311,$0,$32,$-93,$1419,$-194,$0,$-1674,$0,$0,$0,$-94,$-1962,$-2188,$0,$-2188,$106,$106,$-165,$-6,$-2253,$-2824,$86,$-156
33,2010-06-30,18.06,$33.79,0.53,$68.26,0.26,$19.14,0.94,$1.84,9.82,$8.50B,$4.69B,1.81,$9.26B,$11.34B,0.82,$18.12B,$6.77B,37.33%,$18.12B,$1.54B,8.49%,$18.12B,$1.54B,8.49%,$18.12B,$2.42B,13.35%,$18.12B,$0.66B,3.65%,$18.12B,$0.49B,2.68%,$0.49B,$11.68B,5.16%,$0.49B,$-0.26B,34.79%,$0.49B,$30.01B,1.82%,$1.54B,$20.94B,8.78%,$5508,$3592,$1916,$194,$1163,$4949,$559,$-239,$320,$112,$208,$236,$227,$838,$559,$346,346,$0.64,$0.64,$1082,$1026,$1023,$8498,$1622,$1150,$11941,$1665,$21516,$30014,$4692,$9259,$737,$13638,$18330,$1384,$5729,$-2403,$11684,$30014,$202,$520,$248,$768,$-135,$-198,$0,$22,$-17,$1053,$-109,$0,$-1528,$0,$0,$0,$-59,$-1696,$-2038,$0,$-2038,$115,$115,$-100,$1,$-2022,$-2717,$57,$-97
34,2010-03-31,21.8,$33.91,0.64,$69.48,0.31,$19.14,1.14,$1.84,11.85,$8.78B,$5.87B,1.5,$8.67B,$11.34B,0.76,$16.35B,$6.35B,38.84%,$16.35B,$1.26B,7.73%,$16.35B,$1.26B,7.73%,$16.35B,$2.03B,12.44%,$16.35B,$0.54B,3.30%,$16.35B,$0.40B,2.43%,$0.40B,$11.69B,4.87%,$0.40B,$-0.36B,18.68%,$0.40B,$30.62B,1.62%,$1.26B,$20.36B,8.07%,$4721,$3017,$1704,$205,$1099,$4321,$400,$-410,$-10,$22,$-32,$-34,$-45,$641,$400,$294,294,$-0.16,$-0.16,$1010,$1018,$1022,$8780,$1663,$1111,$12047,$1558,$21843,$30623,$5874,$8668,$728,$13057,$18931,$1380,$5568,$-2193,$11692,$30623,$-34,$241,$210,$451,$-197,$-137,$0,$58,$-110,$375,$-32,$0,$-1524,$0,$0,$0,$-10,$-1566,$-1643,$0,$-1643,$115,$115,$-37,$0,$-1565,$-2789,$27,$-37
35,2009-12-31,18.83,$33.09,0.57,$69.82,0.27,$17.91,1.05,$2.20,8.56,$9.73B,$4.46B,2.18,$8.28B,$7.19B,1.15,$15.18B,$6.03B,39.69%,$15.18B,$1.04B,6.83%,$15.18B,$1.04B,6.83%,$15.18B,$1.73B,11.42%,$15.18B,$0.63B,4.13%,$15.18B,$0.49B,3.20%,$0.49B,$7.19B,7.17%,$0.49B,$3.17B,17.58%,$0.49B,$24.03B,2.18%,$1.04B,$15.47B,7.46%,$4219,$2537,$1682,$225,$1125,$3887,$332,$-138,$194,$30,$164,$191,$180,$517,$332,$217,217,$0.84,$0.80,$3799,$900,$708,$9731,$1309,$1056,$4020,$1320,$14301,$24032,$4461,$8276,$572,$12380,$16841,$871,$5674,$-1988,$7191,$24032,$516,$698,$105,$803,$467,$319,$0,$-74,$851,$2208,$-78,$0,$-163,$0,$0,$0,$-102,$-343,$866,$0,$866,$-11,$-11,$-149,$-14,$692,$2570,$85,$-149
36,2009-09-30,17.15,$32.35,0.53,$70.16,0.24,$11.60,1.48,$1.40,12.25,$7.44B,$4.43B,1.68,$6.30B,$7.03B,0.9,$15.33B,$6.00B,39.14%,$15.33B,$1.05B,6.83%,$15.33B,$1.05B,6.83%,$15.33B,$1.73B,11.29%,$15.33B,$0.36B,2.36%,$15.33B,$0.31B,2.00%,$0.31B,$7.03B,4.67%,$0.31B,$3.02B,11.73%,$0.31B,$21.75B,1.40%,$1.05B,$13.33B,7.87%,$3675,$2211,$1464,$209,$1007,$3427,$248,$-90,$158,$44,$114,$129,$123,$424,$248,$218,218,$0.56,$0.56,$1159,$1069,$707,$7440,$1351,$1051,$4014,$1293,$14313,$21753,$4430,$6297,$603,$10292,$14722,$870,$5532,$-1967,$7031,$21753,$325,$513,$-77,$436,$310,$159,$0,$48,$442,$1241,$-53,$0,$-145,$0,$0,$0,$-76,$-274,$-921,$0,$-921,$-10,$-10,$-112,$-11,$-1054,$-70,$54,$-112
37,2009-06-30,14.27,$31.10,0.46,$73.36,0.19,$9.13,1.56,$2.00,7.14,$7.64B,$4.62B,1.65,$6.70B,$6.76B,0.99,$16.03B,$6.25B,39.00%,$16.03B,$1.15B,7.16%,$16.03B,$1.15B,7.16%,$16.03B,$1.83B,11.42%,$16.03B,$0.45B,2.81%,$16.03B,$0.44B,2.75%,$0.44B,$6.76B,6.61%,$0.44B,$2.69B,16.26%,$0.44B,$22.06B,1.98%,$1.15B,$13.45B,8.47%,$3731,$2233,$1498,$202,$1013,$3448,$283,$-86,$197,$59,$138,$147,$140,$451,$283,$218,218,$0.64,$0.64,$1221,$1141,$776,$7638,$1373,$979,$4066,$1224,$14418,$22056,$4617,$6695,$612,$10682,$15299,$870,$5448,$-2129,$6757,$22056,$196,$337,$-52,$285,$305,$82,$0,$-58,$90,$631,$-39,$0,$-145,$0,$0,$0,$-59,$-243,$-306,$0,$-306,$-11,$-11,$-75,$-8,$-400,$-8,$31,$-75
38,2009-03-31,9.96,$28.07,0.35,$76.59,0.13,$8.35,1.19,$2.32,4.29,$7.08B,$3.85B,1.84,$7.26B,$6.07B,1.2,$16.83B,$6.53B,38.81%,$16.83B,$1.25B,7.43%,$16.83B,$1.25B,7.43%,$16.83B,$1.94B,11.55%,$16.83B,$0.51B,3.02%,$16.83B,$0.52B,3.07%,$0.52B,$6.07B,7.40%,$0.52B,$2.16B,17.35%,$0.52B,$21.04B,2.26%,$1.25B,$13.33B,9.02%,$3554,$2173,$1381,$204,$1004,$3381,$173,$-95,$78,$19,$59,$49,$42,$342,$173,$217,217,$0.20,$0.20,$549,$1295,$725,$7082,$1380,$947,$3910,$1109,$13958,$21040,$3852,$7258,$587,$11119,$14971,$3330,$5345,$-2730,$6069,$21040,$49,$169,$-34,$135,$167,$-105,$0,$-78,$-182,$22,$-34,$0,$-145,$0,$0,$0,$-28,$-207,$-442,$0,$-442,$0,$0,$-37,$-3,$-482,$-680,$17,$-37
39,2008-12-31,17.3,$29.41,0.59,$79.23,0.22,$8.48,2.04,$1.04,16.64,$8.15B,$5.45B,1.5,$6.77B,$6.36B,1.07,$17.61B,$6.86B,38.93%,$17.61B,$1.44B,8.16%,$17.61B,$1.44B,8.16%,$17.61B,$2.11B,11.96%,$17.61B,$-0.08B,-0.45%,$17.61B,$0.23B,1.31%,$0.23B,$6.36B,3.07%,$0.23B,$2.57B,6.66%,$0.23B,$22.45B,0.97%,$1.44B,$13.13B,10.16%,$4370,$2713,$1657,$212,$1102,$4027,$343,$-414,$-71,$-59,$-12,$9,$1,$514,$343,$221,221,$-0.04,$0.00,$1229,$1232,$790,$8150,$1419,$1080,$3792,$1157,$14297,$22447,$5450,$6774,$574,$10639,$16089,$866,$5341,$-2416,$6358,$22447,$265,$669,$166,$835,$57,$-114,$0,$-119,$-57,$939,$-168,$0,$-155,$0,$0,$0,$-118,$-441,$699,$0,$699,$-839,$-839,$-154,$-17,$-311,$130,$85,$-154
40,2008-09-30,24.89,$34.67,0.72,$80.37,0.31,$12.10,2.06,$2.68,9.29,$8.75B,$5.60B,1.56,$6.78B,$7.50B,0.9,$18.12B,$7.17B,39.59%,$18.12B,$1.65B,9.08%,$18.12B,$1.65B,9.08%,$18.12B,$2.32B,12.78%,$18.12B,$0.49B,2.72%,$18.12B,$0.61B,3.37%,$0.61B,$7.50B,7.59%,$0.61B,$3.43B,15.49%,$0.61B,$23.63B,2.56%,$1.65B,$14.29B,11.16%,$4370,$2656,$1714,$228,$1138,$4022,$348,$-101,$247,$15,$232,$267,$258,$523,$348,$218,218,$1.20,$1.16,$873,$1376,$1170,$8749,$1515,$1017,$4071,$1489,$14876,$23625,$5597,$6783,$752,$10526,$16123,$3393,$5378,$-1178,$7502,$23625,$256,$498,$669,$1167,$191,$-175,$0,$-347,$-682,$754,$-105,$0,$-153,$0,$0,$0,$-448,$-706,$708,$0,$708,$-837,$-837,$-116,$-6,$-251,$-226,$66,$-116
41,2008-06-30,29.16,$36.48,0.8,$78.76,0.37,$12.16,2.4,$2.60,11.22,$8.79B,$5.57B,1.58,$6.73B,$7.95B,0.85,$18.05B,$7.18B,39.80%,$18.05B,$1.70B,9.41%,$18.05B,$1.70B,9.41%,$18.05B,$2.36B,13.09%,$18.05B,$0.57B,3.15%,$18.05B,$0.61B,3.36%,$0.61B,$7.95B,7.46%,$0.61B,$3.74B,15.08%,$0.61B,$24.31B,2.55%,$1.70B,$14.68B,11.40%,$4533,$2754,$1779,$223,$1170,$4147,$386,$-132,$254,$59,$195,$224,$215,$564,$386,$222,222,$0.96,$0.96,$843,$1436,$967,$8788,$1597,$994,$4215,$1529,$15524,$24312,$5566,$6730,$846,$10792,$16358,$3678,$5157,$-568,$7954,$24312,$-11,$323,$833,$1156,$-68,$-165,$0,$16,$-647,$494,$-63,$0,$-142,$0,$0,$0,$-145,$-350,$424,$0,$424,$-745,$-745,$-79,$-4,$-404,$-256,$40,$-79
42,2008-03-31,32.1,$36.28,0.88,$76.31,0.42,$12.24,2.62,$2.76,11.63,$8.67B,$5.65B,1.54,$6.33B,$8.16B,0.78,$17.73B,$7.10B,40.05%,$17.73B,$1.70B,9.61%,$17.73B,$1.70B,9.61%,$17.73B,$2.35B,13.27%,$17.73B,$0.63B,3.55%,$17.73B,$0.66B,3.71%,$0.66B,$8.16B,8.19%,$0.66B,$4.09B,16.61%,$0.66B,$24.12B,2.80%,$1.70B,$14.49B,11.51%,$4335,$2630,$1705,$221,$1124,$3975,$360,$-869,$-509,$-246,$-263,$-235,$-244,$505,$360,$228,228,$-1.08,$-1.08,$842,$1431,$877,$8671,$1597,$1035,$4067,$1472,$15448,$24119,$5649,$6334,$789,$10315,$15964,$4029,$4990,$-556,$8155,$24119,$-244,$145,$758,$903,$-28,$-129,$0,$13,$-627,$52,$-35,$0,$-4,$0,$0,$0,$-26,$-65,$158,$0,$158,$-367,$-367,$-40,$-1,$-250,$-257,$20,$-40
43,2007-12-31,34.61,$37.45,0.92,$73.51,0.47,$12.75,2.71,$4.80,7.21,$8.54B,$4.08B,2.1,$6.94B,$8.59B,0.81,$17.23B,$6.95B,40.35%,$17.23B,$1.73B,10.02%,$17.23B,$1.73B,10.02%,$17.23B,$2.38B,13.83%,$17.23B,$1.47B,8.52%,$17.23B,$1.14B,6.59%,$1.14B,$8.59B,14.58%,$1.14B,$4.52B,27.36%,$1.14B,$23.54B,4.97%,$1.73B,$15.53B,12.06%,$4882,$2906,$1976,$238,$1186,$4330,$552,$-52,$500,$125,$375,$412,$382,$723,$552,$234,234,$1.64,$1.60,$1099,$1305,$682,$8540,$1587,$932,$4069,$1428,$15003,$23543,$4077,$6939,$796,$10878,$14955,$4096,$5288,$-765,$8588,$23543,$1165,$656,$-96,$560,$-79,$-43,$0,$-54,$182,$1871,$-211,$0,$-1615,$0,$0,$0,$214,$-1612,$-55,$0,$-55,$-567,$-567,$0,$3,$-619,$-300,$89,$0
44,2007-09-30,36.97,$34.00,1.09,$71.18,0.52,$11.94,3.1,$4.04,9.15,$8.78B,$4.28B,2.05,$7.04B,$7.86B,0.9,$16.73B,$6.77B,40.50%,$16.73B,$1.72B,10.26%,$16.73B,$1.72B,10.26%,$16.73B,$2.36B,14.09%,$16.73B,$1.21B,7.25%,$16.73B,$0.97B,5.78%,$0.97B,$7.86B,13.06%,$0.97B,$3.75B,22.96%,$0.97B,$23.40B,4.32%,$1.72B,$14.90B,12.60%,$4302,$2578,$1724,$233,$1091,$3902,$400,$-76,$324,$97,$227,$254,$254,$571,$400,$233,233,$1.08,$1.08,$848,$1450,$955,$8776,$1579,$901,$4104,$1115,$14621,$23397,$4277,$7038,$756,$11262,$15539,$4375,$4953,$-1258,$7858,$23397,$753,$485,$-298,$187,$-227,$-189,$0,$65,$-74,$861,$-151,$0,$-1574,$0,$0,$0,$106,$-1619,$600,$0,$600,$-442,$-442,$0,$3,$161,$-551,$62,$0
45,2007-06-30,39.4,$32.27,1.22,$68.50,0.58,$12.11,3.25,$5.12,7.7,$8.59B,$4.36B,1.97,$6.73B,$7.55B,0.89,$16.27B,$6.59B,40.53%,$16.27B,$1.65B,10.11%,$16.27B,$1.65B,10.11%,$16.27B,$2.28B,14.00%,$16.27B,$0.98B,6.02%,$16.27B,$1.25B,7.68%,$1.25B,$7.55B,16.80%,$1.25B,$3.48B,26.51%,$1.25B,$23.01B,5.65%,$1.65B,$14.28B,12.31%,$4208,$2513,$1695,$223,$1081,$3817,$391,$-76,$315,$76,$239,$266,$266,$553,$391,$235,235,$1.12,$1.12,$870,$1416,$941,$8593,$1562,$835,$4065,$1097,$14413,$23006,$4359,$6733,$803,$11098,$15457,$4401,$4699,$-1487,$7549,$23006,$499,$314,$-86,$228,$104,$-160,$0,$-142,$-128,$575,$-102,$0,$-1530,$0,$0,$0,$104,$-1528,$622,$0,$622,$-238,$-238,$0,$3,$387,$-549,$35,$0
46,2007-03-31,36.01,$30.47,1.18,$67.98,0.53,$11.38,3.17,$5.04,7.15,$8.58B,$4.52B,1.9,$5.44B,$7.14B,0.76,$16.04B,$6.53B,40.73%,$16.04B,$1.64B,10.21%,$16.04B,$1.64B,10.21%,$16.04B,$2.27B,14.16%,$16.04B,$0.93B,5.79%,$16.04B,$1.24B,7.75%,$1.24B,$7.14B,16.72%,$1.24B,$4.84B,23.80%,$1.24B,$21.39B,5.69%,$1.64B,$12.58B,12.45%,$3836,$2280,$1556,$218,$954,$3452,$384,$-55,$329,$102,$227,$233,$233,$536,$384,$236,236,$1.00,$0.96,$1283,$1290,$915,$8576,$1525,$838,$2304,$1045,$12815,$21391,$4519,$5436,$794,$9732,$14251,$4576,$4433,$-1651,$7140,$21391,$233,$152,$-58,$94,$-27,$-138,$0,$35,$-120,$187,$-48,$0,$0,$72,$0,$72,$-8,$16,$-209,$0,$-209,$-193,$-193,$0,$12,$-390,$-181,$17,$0
47,2006-12-31,36.14,$29.93,1.21,$67.69,0.53,$11.30,3.2,$4.88,7.41,$8.75B,$4.70B,1.86,$5.66B,$7.08B,0.8,$15.90B,$6.46B,40.64%,$15.90B,$1.53B,9.62%,$15.90B,$1.53B,9.62%,$15.90B,$2.17B,13.62%,$15.90B,$0.81B,5.08%,$15.90B,$1.21B,7.61%,$1.21B,$7.08B,16.19%,$1.21B,$4.77B,22.63%,$1.21B,$21.71B,5.49%,$1.53B,$12.74B,11.40%,$4379,$2581,$1798,$237,$1020,$3838,$541,$-297,$244,$59,$185,$214,$214,$696,$541,$236,236,$0.92,$0.88,$1536,$1163,$934,$8754,$1527,$874,$2310,$1051,$12955,$21709,$4698,$5660,$821,$9931,$14629,$4666,$4202,$-1647,$7080,$21709,$1210,$636,$-41,$595,$-30,$11,$0,$-76,$-224,$1617,$-133,$0,$-229,$0,$0,$0,$219,$-143,$-315,$0,$-315,$-987,$-987,$-43,$-83,$-1428,$77,$64,$0
