,Date,Stock Price,Book Value per Share,Price to Book Ratio,TTM Sales per Share,Price to Sales Ratio,TTM FCF per Share,Price to FCF Ratio,TTM Net EPS,PE Ratio,Current Assets,Current Liabilities,Current Ratio,Long Term Debt,Shareholder's Equity_x,Debt to Equity Ratio,TTM Revenue_x,TTM Gross Profit,Gross Margin,TTM Revenue_y,TTM Operating Income,Operating Margin,TTM Revenue_x,TTM EBIT,EBIT Margin,TTM Revenue_y,TTM EBITDA,EBITDA Margin,TTM Revenue_x,TTM Pre-Tax Income,Pre-Tax Margin,TTM Revenue_y,TTM Net Income_x,Net Margin,TTM Net Income_y,Shareholder's Equity_y,Return on Equity,TTM Net Income_x,Tangible Equity,Return on Tangible Equity,TTM Net Income_y,Total Assets,Return on Assets,TTM Net Income,LT Investments & Debt,Return on Investment,revenue,cost-goods-sold,gross-profit,research-development-expenses,selling-general-administrative-expenses,operating-expenses,operating-income,total-non-operating-income-expense,pre-tax-income,total-provision-income-taxes,income-after-taxes,income-from-continuous-operations,net-income,ebitda,ebit,basic-shares-outstanding,shares-outstanding,eps-basic-net-earnings-per-share,eps-earnings-per-share-diluted,cash-on-hand,inventory,other-current-assets,total-current-assets,net-property-plant-equipment,long-term-investments,goodwill-intangible-assets-total,other-long-term-assets,total-long-term-assets,total-assets,total-current-liabilities,long-term-debt,other-non-current-liabilities,total-long-term-liabilities,total-liabilities,common-stock-net,retained-earnings-accumulated-deficit,comprehensive-income,total-share-holder-equity,total-liabilities-share-holders-equity,net-income-loss,total-depreciation-amortization-cash-flow,other-non-cash-items,total-non-cash-items,change-in-accounts-receivable,change-in-inventories,change-in-accounts-payable,change-in-assets-liabilities,total-change-in-assets-liabilities,cash-flow-from-operating-activities,net-change-in-property-plant-equipment,net-change-in-intangible-assets,net-acquisitions-divestitures,net-change-in-short-term-investments,net-change-in-long-term-investments,net-change-in-investments-total,investing-activities-other,cash-flow-from-investing-activities,net-long-term-debt,net-current-debt,debt-issuance-retirement-net-total,net-common-equity-issued-repurchased,net-total-equity-issued-repurchased,total-common-preferred-stock-dividends-paid,financial-activities-other,cash-flow-from-financial-activities,net-cash-flow,stock-based-compensation,common-stock-dividends-paid
0,2018-09-30,652.53,$576.16,1.13,$482.00,1.35,$56.35,11.58,$59.51,10.97,$3.36B,$14.32B,0.23,$1.58B,$8.60B,0.18,$7.33B,$2.62B,35.78%,$7.33B,$1.23B,16.74%,$7.33B,$1.23B,16.74%,$7.33B,$1.35B,18.44%,$7.33B,$1.14B,15.58%,$7.33B,$0.91B,12.34%,$0.91B,$8.60B,10.68%,$0.91B,$7.78B,11.81%,$0.91B,$25.80B,3.57%,$1.23B,$10.18B,12.25%,$2177,$1365,$812,$0,$0,$1805,$372,$-22,$350,$60,$289,$289,$285,$403,$372,$15,15,$19.07,$19.07,$647,$0,$0,$3355,$196,$19141,$812,$1820,$22441,$25796,$14316,$1582,$1158,$2885,$17201,$17,$6289,$-221,$8595,$25796,$759,$95,$-579,$-484,$-109,$0,$118,$-9,$-0,$324,$-39,$0,$-111,$-114,$111,$-3,$22,$-131,$51,$0,$51,$-282,$-282,$-154,$8,$-377,$-191,$0,$-154
1,2018-06-30,574.97,$560.48,1.03,$444.10,1.29,$65.50,8.78,$19.54,29.43,$3.13B,$13.96B,0.22,$1.57B,$8.40B,0.19,$6.82B,$1.59B,23.28%,$6.82B,$0.35B,5.18%,$6.82B,$0.35B,5.18%,$6.82B,$0.48B,7.10%,$6.82B,$0.27B,3.96%,$6.82B,$0.31B,4.49%,$0.31B,$8.40B,3.65%,$0.31B,$7.60B,4.04%,$0.31B,$25.09B,1.21%,$0.35B,$9.97B,3.57%,$1898,$1140,$757,$0,$0,$1504,$394,$-22,$372,$73,$298,$298,$295,$426,$394,$15,15,$19.44,$19.44,$623,$0,$0,$3126,$198,$18741,$810,$1681,$21960,$25086,$13955,$1569,$1022,$2726,$16682,$17,$6005,$-172,$8404,$25086,$470,$65,$-193,$-129,$99,$0,$98,$-341,$-144,$149,$-13,$0,$-108,$105,$-11,$93,$13,$-15,$38,$0,$38,$-236,$-236,$-154,$5,$-346,$-215,$0,$-154
2,2018-03-31,614.44,$545.07,1.13,$419.87,1.46,$70.80,8.68,$6.70,91.71,$3.28B,$14.13B,0.23,$1.54B,$8.37B,0.18,$6.48B,$1.24B,19.08%,$6.48B,$0.12B,1.85%,$6.48B,$0.12B,1.85%,$6.48B,$0.25B,3.91%,$6.48B,$0.04B,0.59%,$6.48B,$0.11B,1.74%,$0.11B,$8.37B,1.35%,$0.11B,$7.56B,1.49%,$0.11B,$25.10B,0.45%,$0.12B,$9.91B,1.21%,$1585,$1077,$508,$0,$0,$1355,$230,$-22,$209,$37,$171,$171,$172,$263,$230,$15,15,$11.15,$11.04,$711,$0,$0,$3284,$199,$18587,$813,$1623,$21813,$25097,$14126,$1541,$919,$2598,$16724,$17,$5709,$-124,$8373,$25097,$171,$33,$-1,$32,$38,$0,$69,$-221,$-113,$-5,$-11,$0,$-105,$-34,$212,$178,$-30,$32,$10,$0,$10,$-21,$-21,$-154,$5,$-161,$-127,$0,$-154
3,2017-12-31,586.22,$553.22,1.06,$416.46,1.41,$68.80,8.52,$5.33,109.99,$3.41B,$14.21B,0.24,$1.49B,$8.51B,0.17,$6.42B,$1.15B,17.95%,$6.42B,$0.12B,1.85%,$6.42B,$0.12B,1.85%,$6.42B,$0.26B,3.97%,$6.42B,$0.04B,0.58%,$6.42B,$0.09B,1.40%,$0.09B,$8.51B,1.08%,$0.09B,$7.72B,1.19%,$0.09B,$25.38B,0.36%,$0.12B,$10.00B,1.21%,$1671,$1125,$546,$0,$0,$1439,$231,$-20,$211,$53,$158,$158,$153,$260,$231,$15,15,$9.95,$10.48,$838,$0,$0,$3413,$125,$18907,$794,$1555,$21971,$25384,$14210,$1485,$1069,$2660,$16870,$17,$5091,$618,$8514,$25384,$100,$135,$-90,$45,$-577,$0,$7,$646,$76,$446,$7,$0,$-86,$145,$-135,$10,$-86,$-155,$-29,$0,$-29,$-16,$-16,$0,$-19,$-64,$244,$0,$0
4,2017-09-30,544.84,$532.40,1.02,$402.28,1.35,$89.23,6.11,$-0.13,0.0,$3.40B,$14.90B,0.23,$1.49B,$8.20B,0.18,$6.21B,$0.93B,14.90%,$6.21B,$0.00B,0.05%,$6.21B,$0.00B,0.05%,$6.21B,$0.16B,2.50%,$6.21B,$-0.08B,-1.27%,$6.21B,$0.01B,0.11%,$0.01B,$8.20B,0.09%,$0.01B,$7.40B,0.09%,$0.01B,$25.71B,0.03%,$0.00B,$9.69B,0.03%,$1667,$1890,$-223,$0,$0,$2169,$-502,$-21,$-522,$-212,$-310,$-310,$-314,$-465,$-502,$15,15,$-20.38,$-20.90,$702,$0,$0,$3402,$131,$19078,$799,$1563,$22313,$25714,$14896,$1486,$1028,$2618,$17513,$17,$4951,$438,$8201,$25714,$-58,$106,$-89,$17,$-642,$0,$120,$1199,$678,$426,$10,$0,$-244,$175,$-196,$-21,$-27,$-282,$-27,$0,$-27,$-9,$-9,$0,$-17,$-53,$108,$0,$0
5,2017-06-30,584.95,$547.07,1.07,$398.99,1.47,$96.93,6.03,$30.86,18.96,$2.69B,$13.44B,0.2,$1.49B,$8.44B,0.18,$6.16B,$1.62B,26.33%,$6.16B,$0.73B,11.91%,$6.16B,$0.73B,11.91%,$6.16B,$0.89B,14.42%,$6.16B,$0.65B,10.56%,$6.16B,$0.48B,7.75%,$0.48B,$8.44B,5.84%,$0.48B,$7.65B,6.38%,$0.48B,$24.53B,1.98%,$0.73B,$9.92B,7.62%,$1554,$1149,$405,$0,$0,$1393,$161,$-21,$140,$37,$103,$103,$102,$195,$161,$15,15,$6.60,$6.60,$644,$0,$0,$2691,$130,$18789,$791,$1475,$21839,$24529,$13435,$1487,$1071,$2659,$16094,$17,$5265,$350,$8435,$24529,$252,$70,$-62,$8,$-50,$0,$79,$-130,$-102,$204,$16,$0,$-165,$74,$-91,$-17,$43,$-123,$-26,$0,$-26,$0,$0,$0,$-15,$-41,$50,$0,$0
6,2017-03-31,604.48,$530.86,1.14,$400.68,1.51,$102.92,5.87,$29.25,20.67,$2.70B,$13.32B,0.2,$1.47B,$8.19B,0.18,$6.18B,$1.57B,25.45%,$6.18B,$0.73B,11.74%,$6.18B,$0.73B,11.74%,$6.18B,$0.89B,14.34%,$6.18B,$0.64B,10.41%,$6.18B,$0.45B,7.31%,$0.45B,$8.19B,5.62%,$0.45B,$7.53B,6.11%,$0.45B,$23.94B,1.89%,$0.73B,$9.66B,7.67%,$1532,$1108,$425,$0,$0,$1304,$229,$-21,$208,$59,$149,$149,$149,$265,$229,$15,15,$9.68,$9.67,$624,$0,$0,$2704,$111,$18404,$660,$1339,$21235,$23939,$13317,$1471,$893,$2437,$15754,$17,$5163,$202,$8185,$23939,$149,$36,$-56,$-21,$-53,$0,$39,$-142,$-155,$-43,$-4,$0,$0,$-950,$1041,$91,$5,$91,$-6,$0,$-6,$0,$0,$0,$-13,$-19,$30,$0,$0
7,2016-12-31,598.05,$515.25,1.16,$396.94,1.51,$108.39,5.52,$29.54,20.25,$2.64B,$13.35B,0.2,$1.48B,$7.94B,0.19,$6.13B,$1.56B,25.40%,$6.13B,$0.73B,11.91%,$6.13B,$0.73B,11.91%,$6.13B,$0.89B,14.50%,$6.13B,$0.65B,10.57%,$6.13B,$0.46B,7.47%,$0.46B,$7.94B,5.77%,$0.46B,$7.28B,6.22%,$0.46B,$23.76B,1.93%,$0.73B,$9.42B,7.82%,$1455,$1137,$318,$0,$0,$1340,$115,$-20,$95,$25,$70,$70,$70,$160,$115,$15,15,$4.52,$4.55,$594,$0,$0,$2636,$113,$18225,$664,$1316,$21121,$23757,$13353,$1476,$912,$2463,$15817,$17,$5014,$109,$7940,$23757,$461,$160,$-18,$142,$-350,$0,$99,$403,$153,$793,$-24,$0,$-180,$-443,$421,$-22,$-447,$-673,$57,$0,$57,$-68,$-68,$0,$-6,$-17,$119,$0,$0
8,2016-09-30,516.33,$525.11,0.98,$387.86,1.33,$77.41,6.67,$34.89,14.8,$2.58B,$13.40B,0.19,$1.38B,$8.11B,0.17,$6.03B,$1.63B,27.09%,$6.03B,$0.85B,14.12%,$6.03B,$0.85B,14.12%,$6.03B,$1.00B,16.66%,$6.03B,$0.77B,12.72%,$6.03B,$0.54B,9.02%,$0.54B,$8.11B,6.94%,$0.54B,$7.47B,7.40%,$0.54B,$24.12B,2.32%,$0.85B,$9.49B,9.22%,$1615,$1142,$473,$0,$0,$1387,$228,$-21,$207,$48,$159,$159,$156,$268,$228,$15,15,$10.09,$10.09,$569,$0,$0,$2580,$110,$18637,$635,$1445,$21537,$24117,$13400,$1384,$1151,$2612,$16012,$17,$4945,$332,$8105,$24117,$391,$115,$-79,$36,$-270,$0,$164,$280,$174,$574,$-19,$0,$-145,$-417,$318,$-99,$-208,$-472,$43,$0,$43,$-56,$-56,$0,$-4,$-17,$94,$0,$0
9,2016-06-30,540.48,$512.84,1.05,$358.05,1.51,$73.96,7.31,$30.87,17.51,$2.61B,$13.40B,0.19,$1.38B,$7.92B,0.18,$5.60B,$1.39B,24.88%,$5.60B,$0.78B,13.91%,$5.60B,$0.78B,13.91%,$5.60B,$0.93B,16.60%,$5.60B,$0.69B,12.37%,$5.60B,$0.49B,8.66%,$0.49B,$7.92B,6.32%,$0.49B,$7.30B,6.66%,$0.49B,$23.82B,2.08%,$0.78B,$9.30B,8.50%,$1582,$1224,$358,$0,$0,$1428,$154,$-20,$134,$56,$77,$77,$77,$194,$154,$15,15,$4.99,$4.99,$511,$0,$0,$2605,$105,$18266,$618,$1429,$21210,$23815,$13401,$1384,$997,$2496,$15897,$17,$4789,$298,$7918,$23815,$232,$75,$-63,$11,$-313,$0,$188,$277,$153,$322,$-9,$0,$-122,$-287,$399,$113,$-213,$-232,$-3,$0,$-3,$-53,$-53,$0,$-4,$-60,$36,$0,$0
10,2016-03-31,487.98,$503.42,0.97,$336.85,1.45,$73.43,6.65,$37.28,13.09,$2.50B,$13.02B,0.19,$1.38B,$7.77B,0.18,$5.32B,$1.38B,25.88%,$5.32B,$0.89B,16.79%,$5.32B,$0.89B,16.79%,$5.32B,$1.05B,19.72%,$5.32B,$0.80B,15.11%,$5.32B,$0.59B,11.09%,$0.59B,$7.77B,7.75%,$0.59B,$7.42B,8.07%,$0.59B,$23.06B,2.53%,$0.89B,$9.16B,9.72%,$1479,$1071,$408,$0,$0,$1246,$233,$-20,$212,$58,$155,$155,$155,$267,$233,$15,15,$10.00,$9.96,$510,$0,$0,$2500,$100,$18090,$351,$1221,$20556,$23055,$13017,$1384,$857,$2267,$15284,$17,$4712,$229,$7772,$23055,$155,$35,$-15,$20,$-109,$0,$94,$-25,$-40,$40,$-2,$0,$-1,$-143,$308,$165,$-122,$40,$5,$0,$5,$-53,$-53,$0,$1,$-48,$34,$0,$0
11,2015-12-31,470.02,$486.02,0.97,$313.50,1.5,$83.92,5.6,$35.14,13.38,$2.49B,$12.95B,0.19,$1.42B,$7.56B,0.19,$5.00B,$1.24B,24.72%,$5.00B,$0.85B,16.98%,$5.00B,$0.85B,16.98%,$5.00B,$1.01B,20.26%,$5.00B,$0.76B,15.16%,$5.00B,$0.56B,11.20%,$0.56B,$7.56B,7.39%,$0.56B,$7.20B,7.67%,$0.56B,$22.84B,2.39%,$0.85B,$8.97B,9.18%,$1352,$959,$394,$0,$0,$1116,$236,$-23,$214,$57,$157,$157,$156,$275,$236,$16,16,$9.84,$9.84,$475,$0,$0,$2489,$101,$17948,$354,$1059,$20350,$22839,$12945,$1419,$895,$2340,$15284,$17,$4557,$116,$7555,$22839,$562,$163,$-80,$83,$-71,$0,$242,$-698,$-528,$326,$-27,$0,$-157,$327,$234,$561,$-205,$172,$-360,$0,$-360,$-244,$-244,$0,$-5,$-609,$-130,$0,$0
12,2015-09-30,460.36,$476.67,0.97,$307.70,1.5,$85.17,5.41,$33.90,13.58,$2.71B,$13.44B,0.2,$1.76B,$7.46B,0.24,$4.95B,$1.15B,23.20%,$4.95B,$0.83B,16.81%,$4.95B,$0.83B,16.81%,$4.95B,$1.00B,20.29%,$4.95B,$0.74B,14.93%,$4.95B,$0.54B,10.97%,$0.54B,$7.46B,7.19%,$0.54B,$7.21B,7.43%,$0.54B,$23.43B,2.30%,$0.83B,$9.22B,8.93%,$1189,$955,$234,$0,$0,$1033,$156,$-23,$133,$36,$97,$97,$97,$194,$156,$16,16,$6.07,$6.07,$563,$0,$0,$2712,$96,$18761,$249,$749,$20722,$23434,$13435,$1759,$779,$2538,$15973,$17,$4404,$116,$7461,$23434,$406,$125,$-46,$78,$-42,$0,$103,$-81,$-20,$562,$-45,$0,$-47,$392,$-726,$-334,$17,$-410,$0,$0,$0,$-193,$-193,$0,$15,$-178,$-42,$0,$0
13,2015-06-30,461.0,$478.90,0.96,$315.63,1.46,$63.00,7.32,$39.23,11.75,$2.97B,$13.53B,0.22,$1.76B,$7.65B,0.23,$5.11B,$1.27B,24.84%,$5.11B,$0.97B,18.88%,$5.11B,$0.97B,18.88%,$5.11B,$1.15B,22.44%,$5.11B,$0.87B,17.06%,$5.11B,$0.63B,12.36%,$0.63B,$7.65B,8.38%,$0.63B,$7.40B,8.66%,$0.63B,$23.93B,2.66%,$0.97B,$9.41B,10.28%,$1300,$959,$341,$0,$0,$1032,$268,$-23,$245,$62,$183,$183,$182,$313,$268,$16,16,$11.41,$11.40,$648,$0,$0,$2967,$97,$19176,$248,$670,$20961,$23928,$13528,$1762,$988,$2750,$16278,$17,$4307,$252,$7650,$23928,$309,$86,$-70,$17,$-146,$0,$145,$-74,$-75,$329,$-13,$0,$-47,$109,$-557,$-447,$273,$-235,$0,$0,$0,$-41,$-41,$0,$0,$-40,$43,$0,$0
14,2015-03-31,478.94,$477.36,1.0,$312.90,1.53,$40.85,11.72,$36.89,12.98,$2.62B,$13.41B,0.2,$1.77B,$7.64B,0.23,$5.10B,$1.23B,24.12%,$5.10B,$0.92B,18.05%,$5.10B,$0.92B,18.05%,$5.10B,$1.11B,21.69%,$5.10B,$0.83B,16.25%,$5.10B,$0.60B,11.74%,$0.60B,$7.64B,8.00%,$0.60B,$7.39B,8.27%,$0.60B,$23.56B,2.53%,$0.92B,$9.40B,9.87%,$1158,$891,$267,$0,$0,$969,$189,$-23,$166,$40,$125,$125,$125,$231,$189,$16,16,$7.82,$7.82,$537,$0,$0,$2617,$95,$19104,$247,$788,$20944,$23561,$13405,$1765,$753,$2517,$15923,$17,$4125,$410,$7638,$23561,$125,$42,$9,$51,$44,$0,$69,$-58,$56,$217,$-11,$0,$-44,$231,$-425,$-194,$1,$-248,$0,$0,$0,$-27,$-27,$0,$7,$-19,$-68,$0,$0
15,2014-12-31,455.83,$465.52,0.98,$317.73,1.43,$20.29,22.47,$41.35,11.02,$2.74B,$13.51B,0.2,$1.77B,$7.47B,0.24,$5.23B,$1.32B,25.13%,$5.23B,$1.02B,19.53%,$5.23B,$1.02B,19.53%,$5.23B,$1.20B,22.95%,$5.23B,$0.93B,17.79%,$5.23B,$0.68B,12.98%,$0.68B,$7.47B,9.23%,$0.68B,$7.23B,9.53%,$0.68B,$23.49B,2.87%,$1.02B,$9.24B,11.09%,$1302,$996,$306,$0,$0,$1083,$219,$-24,$195,$55,$140,$140,$139,$266,$219,$16,16,$8.66,$8.66,$605,$0,$0,$2741,$89,$18972,$245,$699,$20748,$23489,$13511,$1767,$730,$2506,$16016,$17,$3999,$354,$7473,$23489,$680,$179,$-211,$-32,$9,$0,$69,$-212,$-135,$373,$-44,$0,$-8,$624,$-264,$360,$-257,$51,$-21,$0,$-21,$-300,$-300,$0,$19,$-302,$107,$0,$0
16,2014-09-30,411.23,$456.64,0.9,$319.52,1.29,$33.97,12.11,$44.98,9.14,$2.79B,$13.78B,0.2,$2.08B,$7.41B,0.28,$5.29B,$1.41B,26.72%,$5.29B,$1.13B,21.39%,$5.29B,$1.13B,21.39%,$5.29B,$1.31B,24.81%,$5.29B,$1.04B,19.71%,$5.29B,$0.75B,14.08%,$0.75B,$7.41B,10.31%,$0.75B,$7.18B,10.65%,$0.75B,$23.93B,3.15%,$1.13B,$9.49B,12.45%,$1352,$995,$356,$0,$0,$1063,$289,$-23,$266,$80,$186,$186,$186,$337,$289,$16,16,$11.40,$11.40,$608,$0,$0,$2794,$87,$19293,$231,$772,$21135,$23929,$13777,$2079,$659,$2738,$16515,$17,$3860,$346,$7414,$23929,$540,$132,$-191,$-59,$-59,$0,$209,$-241,$-90,$206,$-37,$0,$0,$522,$-442,$80,$-232,$-189,$298,$0,$298,$-222,$-222,$0,$21,$97,$109,$0,$0
17,2014-06-30,430.87,$452.22,0.95,$307.75,1.4,$52.58,8.19,$40.33,10.68,$2.71B,$13.91B,0.2,$1.79B,$7.41B,0.24,$5.13B,$1.27B,24.74%,$5.13B,$1.01B,19.73%,$5.13B,$1.01B,19.73%,$5.13B,$1.20B,23.47%,$5.13B,$0.93B,18.03%,$5.13B,$0.67B,13.10%,$0.67B,$7.41B,9.52%,$0.67B,$7.18B,9.84%,$0.67B,$23.84B,2.86%,$1.01B,$9.19B,11.43%,$1291,$989,$302,$0,$0,$1067,$224,$-22,$202,$53,$149,$149,$149,$273,$224,$16,16,$9.06,$9.06,$419,$0,$0,$2709,$83,$19412,$230,$710,$21133,$23842,$13910,$1786,$739,$2524,$16435,$17,$3674,$465,$7407,$23842,$354,$84,$-132,$-49,$-162,$0,$235,$-291,$-218,$-10,$-30,$0,$0,$687,$-485,$202,$-94,$78,$0,$0,$0,$-160,$-160,$0,$10,$-150,$-79,$0,$0
18,2014-03-31,400.64,$431.67,0.93,$300.51,1.33,$69.43,5.77,$38.05,10.53,$2.65B,$13.83B,0.19,$1.79B,$7.14B,0.25,$5.03B,$1.17B,23.32%,$5.03B,$0.96B,19.01%,$5.03B,$0.96B,19.01%,$5.03B,$1.17B,23.30%,$5.03B,$0.87B,17.28%,$5.03B,$0.64B,12.65%,$0.64B,$7.14B,9.33%,$0.64B,$6.91B,9.64%,$0.64B,$23.49B,2.74%,$0.96B,$8.93B,11.09%,$1287,$935,$351,$0,$0,$997,$290,$-22,$268,$64,$205,$205,$205,$325,$290,$17,17,$12.28,$12.28,$481,$0,$0,$2650,$68,$19128,$229,$649,$20845,$23494,$13830,$1790,$736,$2526,$16356,$17,$3525,$279,$7138,$23494,$205,$34,$-92,$-57,$-87,$0,$92,$-142,$-136,$-116,$-12,$0,$0,$419,$-222,$197,$-1,$183,$0,$0,$0,$-95,$-95,$0,$9,$-86,$-17,$0,$0
19,2013-12-31,393.34,$414.38,0.95,$296.12,1.33,$85.94,4.58,$37.44,10.51,$2.55B,$13.81B,0.19,$1.79B,$6.95B,0.26,$4.97B,$1.15B,23.19%,$4.97B,$0.94B,18.95%,$4.97B,$0.94B,18.95%,$4.97B,$1.19B,23.90%,$4.97B,$0.86B,17.20%,$4.97B,$0.63B,12.63%,$0.63B,$6.95B,9.37%,$0.63B,$6.72B,9.68%,$0.63B,$23.36B,2.72%,$0.94B,$8.74B,11.08%,$1362,$957,$405,$0,$0,$1034,$329,$-22,$307,$101,$206,$206,$205,$378,$329,$17,17,$12.24,$12.24,$498,$0,$0,$2550,$59,$19139,$227,$582,$20811,$23361,$13809,$1794,$811,$2605,$16414,$17,$3320,$187,$6948,$23361,$629,$247,$-188,$59,$-82,$0,$60,$-377,$-399,$584,$-17,$0,$0,$-943,$247,$-696,$93,$-621,$0,$0,$0,$-40,$-40,$0,$-30,$-71,$-151,$0,$0
20,2013-09-30,402.87,$401.98,1.0,$295.29,1.36,$83.78,4.81,$19.73,20.42,$2.51B,$13.96B,0.18,$1.80B,$6.74B,0.27,$4.85B,$0.66B,13.53%,$4.85B,$0.45B,9.24%,$4.85B,$0.45B,9.24%,$4.85B,$0.75B,15.49%,$4.85B,$0.36B,7.44%,$4.85B,$0.33B,6.81%,$0.33B,$6.74B,5.03%,$0.33B,$6.51B,5.19%,$0.33B,$23.24B,1.44%,$0.45B,$8.54B,5.35%,$1189,$978,$211,$0,$0,$1020,$169,$-22,$148,$35,$113,$113,$113,$228,$169,$17,17,$6.75,$6.75,$415,$0,$0,$2509,$55,$18945,$226,$592,$20732,$23242,$13957,$1799,$737,$2545,$16502,$17,$3115,$186,$6740,$23242,$423,$197,$-54,$143,$-132,$0,$125,$-243,$-250,$493,$-8,$0,$0,$-585,$132,$-453,$-156,$-617,$0,$0,$0,$-40,$-40,$0,$-29,$-70,$-235,$0,$0
21,2013-06-30,376.96,$387.59,0.97,$296.96,1.27,$80.29,4.69,$20.39,18.49,$2.64B,$14.00B,0.19,$1.80B,$6.50B,0.28,$4.89B,$0.75B,15.30%,$4.89B,$0.45B,9.24%,$4.89B,$0.45B,9.24%,$4.89B,$0.84B,17.10%,$4.89B,$0.36B,7.44%,$4.89B,$0.34B,6.99%,$0.34B,$6.50B,5.24%,$0.34B,$6.30B,5.42%,$0.34B,$22.89B,1.50%,$0.45B,$8.30B,5.42%,$1196,$990,$207,$0,$0,$1027,$169,$-22,$147,$33,$114,$114,$114,$242,$169,$17,17,$6.78,$6.78,$481,$0,$0,$2635,$35,$18472,$200,$599,$20255,$22890,$14003,$1803,$586,$2389,$16392,$17,$3002,$81,$6498,$22890,$310,$139,$-37,$102,$-164,$0,$145,$-204,$-222,$245,$-3,$0,$0,$-496,$121,$-375,$53,$-325,$0,$0,$0,$-40,$-40,$0,$-7,$-48,$-168,$0,$0
22,2013-03-31,389.36,$394.72,0.99,$298.50,1.3,$74.33,5.24,$20.07,19.4,$2.56B,$13.86B,0.19,$1.81B,$6.63B,0.27,$4.93B,$0.86B,17.35%,$4.93B,$0.44B,8.99%,$4.93B,$0.44B,8.99%,$4.93B,$0.93B,18.81%,$4.93B,$0.36B,7.35%,$4.93B,$0.34B,6.84%,$0.34B,$6.63B,5.21%,$0.34B,$6.43B,5.42%,$0.34B,$22.81B,1.48%,$0.44B,$8.43B,5.35%,$1224,$894,$330,$0,$0,$948,$275,$-22,$253,$57,$196,$196,$196,$340,$275,$17,17,$11.67,$11.67,$575,$0,$0,$2558,$33,$18673,$201,$532,$20246,$22805,$13856,$1807,$506,$2324,$16179,$17,$2888,$314,$6625,$22805,$196,$65,$-19,$47,$-37,$0,$18,$-141,$-160,$151,$-2,$0,$0,$-372,$194,$-179,$20,$-160,$0,$0,$0,$-32,$-32,$0,$-9,$-40,$-75,$0,$0
23,2012-12-31,329.87,$379.12,0.87,$321.36,1.03,$62.16,5.31,$59.46,5.55,$2.66B,$14.01B,0.19,$1.81B,$6.40B,0.28,$4.75B,$1.24B,26.09%,$4.75B,$0.79B,16.58%,$4.75B,$0.79B,16.58%,$4.75B,$1.25B,26.34%,$4.75B,$0.72B,15.15%,$4.75B,$0.70B,14.75%,$0.70B,$6.40B,11.02%,$0.70B,$6.19B,11.59%,$0.70B,$22.81B,3.12%,$0.79B,$8.22B,9.75%,$1240,$1332,$-92,$0,$0,$1406,$-165,$-22,$-187,$-95,$-93,$-93,$-93,$-59,$-165,$15,15,$-19.56,$-19.44,$650,$0,$0,$2663,$34,$18493,$212,$569,$20145,$22808,$14013,$1811,$580,$2391,$16404,$17,$2692,$251,$6404,$22808,$702,$465,$-155,$310,$218,$0,$-5,$-441,$-228,$496,$-8,$0,$-437,$867,$-572,$295,$-164,$-314,$400,$0,$400,$-18,$-18,$0,$6,$388,$565,$0,$0
24,2012-09-30,339.23,$388.68,0.87,$273.03,1.24,$40.48,8.38,$69.31,4.89,$2.59B,$13.73B,0.19,$1.82B,$6.58B,0.28,$3.80B,$1.43B,37.68%,$3.80B,$1.01B,26.64%,$3.80B,$1.01B,26.64%,$3.80B,$1.38B,36.26%,$3.80B,$0.96B,25.32%,$3.80B,$0.83B,21.92%,$0.83B,$6.58B,15.15%,$0.83B,$6.33B,16.00%,$0.83B,$22.76B,4.53%,$1.01B,$8.40B,14.80%,$1230,$927,$303,$0,$0,$1057,$173,$-22,$151,$25,$125,$125,$125,$313,$173,$17,17,$7.41,$7.41,$571,$0,$0,$2587,$31,$18625,$248,$532,$20171,$22758,$13730,$1816,$631,$2446,$16177,$17,$2784,$314,$6581,$22758,$795,$359,$-117,$242,$228,$0,$99,$-815,$-488,$434,$-4,$0,$-477,$998,$-901,$98,$39,$-344,$400,$0,$400,$0,$0,$0,$-3,$397,$487,$0,$0
25,2012-06-30,334.12,$370.92,0.9,$226.77,1.47,$26.59,12.56,$63.93,5.23,$2.53B,$13.67B,0.19,$1.82B,$6.28B,0.29,$2.80B,$1.17B,41.82%,$2.80B,$0.88B,31.27%,$2.80B,$0.88B,31.27%,$2.80B,$1.11B,39.56%,$2.80B,$0.84B,30.13%,$2.80B,$0.73B,25.95%,$0.73B,$6.28B,15.92%,$0.73B,$5.92B,16.91%,$0.73B,$22.42B,5.09%,$0.88B,$8.10B,15.85%,$1234,$920,$314,$0,$0,$1074,$160,$-16,$145,$35,$109,$109,$109,$333,$160,$17,17,$6.46,$6.45,$405,$0,$0,$2529,$32,$18265,$358,$510,$19890,$22419,$13665,$1820,$654,$2474,$16139,$17,$2659,$139,$6280,$22419,$669,$218,$-105,$113,$130,$0,$139,$-787,$-518,$145,$-2,$0,$-477,$223,$116,$339,$-75,$-215,$400,$0,$400,$0,$0,$0,$-3,$397,$320,$0,$0
26,2012-03-31,323.65,$365.24,0.89,$178.51,1.81,$20.98,15.42,$59.16,5.47,$2.74B,$13.65B,0.2,$1.42B,$6.18B,0.23,$1.78B,$0.89B,49.80%,$1.78B,$0.73B,41.17%,$1.78B,$0.73B,41.17%,$1.78B,$0.80B,44.81%,$1.78B,$0.71B,39.93%,$1.78B,$0.63B,35.45%,$0.63B,$6.18B,16.87%,$0.63B,$5.75B,17.88%,$0.63B,$21.78B,6.12%,$0.73B,$7.61B,16.96%,$1049,$334,$715,$0,$0,$429,$620,$-9,$611,$51,$560,$560,$560,$665,$620,$11,11,$51.17,$51.06,$520,$0,$0,$2741,$22,$17682,$431,$296,$19034,$21775,$13652,$1424,$516,$1940,$15592,$17,$2550,$152,$6183,$21775,$560,$45,$-66,$-21,$-22,$0,$-1,$-562,$-586,$-35,$-1,$0,$-433,$625,$284,$909,$-4,$471,$0,$0,$0,$0,$0,$0,$-1,$-1,$435,$0,$0
27,2011-12-31,280.57,$342.10,0.82,$110.69,2.53,$12.41,22.6,$16.09,17.44,$1.09B,$2.91B,0.37,$0.30B,$2.93B,0.1,$0.98B,$0.28B,28.92%,$0.98B,$0.21B,21.18%,$0.98B,$0.21B,21.18%,$0.98B,$0.24B,23.93%,$0.98B,$0.19B,19.45%,$0.98B,$0.14B,14.56%,$0.14B,$2.93B,4.82%,$0.14B,$2.79B,5.06%,$0.14B,$6.48B,2.20%,$0.21B,$3.23B,6.37%,$282,$184,$98,$0,$0,$224,$58,$-4,$54,$16,$38,$38,$38,$65,$58,$9,9,$4.41,$4.52,$85,$0,$0,$1085,$18,$4856,$139,$229,$5393,$6478,$2908,$299,$329,$644,$3552,$9,$1990,$156,$2926,$6478,$143,$27,$-124,$-96,$5,$0,$26,$-17,$14,$94,$-6,$0,$0,$-832,$868,$36,$4,$34,$0,$0,$0,$-120,$-120,$0,$1,$-119,$8,$0,$0
28,2011-09-30,283.72,$327.35,0.87,$104.33,2.72,$8.49,33.42,$15.88,17.87,$1.09B,$2.95B,0.37,$0.30B,$2.85B,0.11,$0.93B,$0.26B,28.19%,$0.93B,$0.21B,22.29%,$0.93B,$0.21B,22.29%,$0.93B,$0.24B,25.29%,$0.93B,$0.19B,20.47%,$0.93B,$0.14B,15.22%,$0.14B,$2.85B,4.80%,$0.14B,$2.71B,5.04%,$0.14B,$6.41B,2.19%,$0.21B,$3.15B,6.38%,$233,$190,$43,$0,$0,$195,$37,$-4,$33,$14,$19,$19,$19,$44,$37,$9,9,$2.17,$2.03,$90,$0,$0,$1093,$19,$4713,$140,$255,$5320,$6412,$2952,$299,$314,$613,$3565,$9,$1953,$72,$2848,$6412,$106,$20,$-61,$-41,$13,$0,$54,$-13,$54,$107,$-5,$0,$0,$88,$-100,$-12,$-1,$-18,$0,$0,$0,$-76,$-76,$0,$1,$-76,$14,$0,$0
29,2011-06-30,327.59,$332.25,0.99,$105.76,3.1,$3.67,89.19,$17.92,18.29,$1.17B,$2.98B,0.39,$0.30B,$3.03B,0.1,$0.95B,$0.30B,31.58%,$0.95B,$0.23B,24.42%,$0.95B,$0.23B,24.42%,$0.95B,$0.26B,27.37%,$0.95B,$0.22B,22.95%,$0.95B,$0.16B,16.84%,$0.16B,$3.03B,5.42%,$0.16B,$2.89B,5.70%,$0.16B,$6.62B,2.45%,$0.23B,$3.33B,7.14%,$219,$187,$32,$0,$0,$200,$19,$-4,$14,$-1,$15,$15,$15,$25,$19,$9,9,$1.69,$1.68,$85,$0,$0,$1167,$20,$4899,$141,$280,$5449,$6616,$2980,$299,$307,$606,$3586,$9,$1933,$218,$3029,$6616,$86,$13,$-41,$-28,$-41,$0,$65,$-27,$-4,$30,$-5,$0,$0,$2,$2,$4,$-0,$-1,$0,$0,$0,$-21,$-21,$0,$1,$-20,$9,$0,$0
30,2011-03-31,325.5,$341.58,0.95,$108.63,3.0,$-0.79,0.0,$23.49,13.86,$1.08B,$2.84B,0.38,$0.30B,$3.05B,0.1,$0.98B,$0.37B,37.78%,$0.98B,$0.30B,30.65%,$0.98B,$0.30B,30.65%,$0.98B,$0.33B,33.71%,$0.98B,$0.29B,29.74%,$0.98B,$0.21B,21.49%,$0.21B,$3.05B,7.35%,$0.21B,$2.91B,7.73%,$0.21B,$6.53B,3.29%,$0.30B,$3.35B,9.72%,$248,$138,$111,$0,$0,$154,$94,$-4,$90,$18,$71,$71,$71,$101,$94,$9,9,$7.99,$7.97,$65,$0,$0,$1077,$20,$4881,$141,$327,$5453,$6530,$2838,$299,$339,$640,$3478,$9,$1977,$242,$3052,$6530,$71,$7,$-35,$-28,$-8,$0,$-14,$-13,$-34,$-104,$-3,$0,$0,$19,$81,$100,$1,$98,$0,$0,$0,$-6,$-6,$0,$0,$-6,$-12,$0,$0
31,2010-12-31,301.3,$325.05,0.93,$108.14,2.79,$6.29,47.94,$21.81,13.81,$1.08B,$2.89B,0.37,$0.30B,$2.91B,0.1,$0.99B,$0.35B,35.40%,$0.99B,$0.28B,28.60%,$0.99B,$0.28B,28.60%,$0.99B,$0.32B,31.95%,$0.99B,$0.28B,27.99%,$0.99B,$0.20B,20.08%,$0.20B,$2.91B,7.06%,$0.20B,$2.77B,7.45%,$0.20B,$6.43B,3.13%,$0.28B,$3.21B,9.55%,$233,$156,$77,$0,$0,$175,$58,$-4,$54,$17,$37,$37,$37,$66,$58,$9,9,$4.21,$4.29,$77,$0,$0,$1078,$20,$4805,$142,$242,$5354,$6432,$2894,$299,$327,$629,$3523,$9,$1900,$170,$2909,$6432,$199,$34,$-85,$-51,$110,$0,$-50,$-172,$-112,$61,$-7,$0,$0,$-2,$-257,$-259,$35,$-231,$299,$0,$299,$-83,$-83,$0,$-2,$214,$44,$0,$0
32,2010-09-30,298.01,$312.75,0.95,$119.97,2.48,$14.80,20.14,$31.39,9.49,$1.14B,$3.01B,0.38,$0.30B,$2.81B,0.11,$1.11B,$0.49B,44.50%,$1.11B,$0.42B,38.11%,$1.11B,$0.42B,38.11%,$1.11B,$0.45B,40.36%,$1.11B,$0.42B,37.93%,$1.11B,$0.29B,26.31%,$0.29B,$2.81B,10.60%,$0.29B,$2.67B,11.19%,$0.29B,$6.50B,4.65%,$0.42B,$3.11B,14.95%,$250,$171,$80,$0,$0,$189,$61,$-1,$60,$24,$37,$37,$37,$68,$61,$9,9,$4.07,$4.07,$103,$0,$0,$1144,$20,$4749,$143,$256,$5351,$6495,$3005,$299,$372,$676,$3681,$9,$1863,$97,$2814,$6495,$161,$25,$-78,$-52,$78,$0,$-5,$-116,$-43,$65,$-5,$0,$-20,$-151,$-110,$-261,$61,$-225,$299,$0,$299,$-67,$-67,$0,$-2,$230,$71,$0,$0
33,2010-06-30,288.44,$300.90,0.96,$123.00,2.35,$23.21,12.43,$32.46,8.89,$1.23B,$3.08B,0.4,$0.00B,$2.71B,0.0,$1.15B,$0.52B,44.95%,$1.15B,$0.44B,38.59%,$1.15B,$0.44B,38.59%,$1.15B,$0.48B,41.46%,$1.15B,$0.44B,38.41%,$1.15B,$0.30B,26.48%,$0.30B,$2.71B,11.17%,$0.30B,$2.57B,11.79%,$0.30B,$6.22B,4.89%,$0.44B,$2.71B,16.28%,$251,$148,$103,$0,$0,$162,$88,$-0,$88,$22,$66,$66,$66,$96,$88,$9,9,$7.26,$7.24,$84,$0,$0,$1232,$20,$4315,$144,$288,$4987,$6219,$3084,$0,$421,$421,$3505,$9,$1826,$32,$2714,$6219,$124,$18,$-53,$-35,$10,$0,$23,$-133,$-101,$-11,$-4,$0,$-5,$-91,$212,$121,$10,$122,$0,$0,$0,$-60,$-60,$0,$1,$-59,$52,$0,$0
34,2010-03-31,285.99,$292.46,0.98,$126.82,2.26,$31.24,9.15,$29.96,9.54,$1.18B,$3.07B,0.38,$0.00B,$2.77B,0.0,$1.20B,$0.50B,41.64%,$1.20B,$0.42B,35.20%,$1.20B,$0.42B,35.20%,$1.20B,$0.45B,37.96%,$1.20B,$0.42B,35.03%,$1.20B,$0.28B,23.58%,$0.28B,$2.77B,10.50%,$0.28B,$2.63B,11.09%,$0.28B,$6.19B,4.55%,$0.42B,$2.77B,15.68%,$252,$163,$89,$0,$0,$177,$75,$-0,$74,$16,$58,$58,$58,$85,$75,$9,9,$6.31,$6.25,$56,$0,$0,$1176,$20,$4358,$145,$305,$5010,$6186,$3072,$0,$328,$340,$3412,$9,$1813,$107,$2774,$6186,$58,$11,$-25,$-15,$1,$0,$-33,$-54,$-86,$-43,$-1,$0,$0,$58,$19,$78,$-3,$73,$0,$0,$0,$-8,$-8,$0,$0,$-7,$23,$0,$0
35,2009-12-31,271.43,$294.62,0.92,$123.82,2.19,$35.43,7.66,$28.15,9.64,$1.16B,$3.15B,0.37,$0.00B,$2.72B,0.0,$1.18B,$0.47B,39.61%,$1.18B,$0.40B,33.53%,$1.18B,$0.40B,33.53%,$1.18B,$0.43B,36.06%,$1.18B,$0.40B,33.36%,$1.18B,$0.27B,22.38%,$0.27B,$2.72B,10.08%,$0.27B,$2.57B,10.66%,$0.27B,$6.19B,4.30%,$0.40B,$2.72B,15.10%,$357,$135,$222,$0,$0,$158,$199,$-0,$199,$68,$131,$131,$131,$199,$199,$9,10,$14.42,$14.06,$33,$0,$0,$1155,$20,$4415,$146,$262,$5038,$6193,$3147,$0,$325,$329,$3475,$9,$1759,$94,$2718,$6193,$271,$32,$-234,$-202,$87,$0,$-40,$-32,$14,$143,$-6,$0,$0,$373,$-295,$78,$-1,$72,$0,$0,$0,$-76,$-193,$-7,$-0,$-201,$14,$0,$0
36,2009-09-30,254.76,$279.79,0.91,$99.59,2.56,$57.31,4.45,$18.19,14.01,$1.20B,$3.28B,0.37,$0.00B,$2.68B,0.0,$0.94B,$0.20B,21.19%,$0.94B,$0.13B,13.98%,$0.94B,$0.13B,13.98%,$0.94B,$0.17B,18.01%,$0.94B,$0.13B,13.77%,$0.94B,$0.16B,17.37%,$0.16B,$2.68B,6.28%,$0.16B,$2.54B,6.65%,$0.16B,$6.26B,2.66%,$0.13B,$2.68B,5.06%,$288,$187,$102,$0,$0,$208,$81,$-0,$80,$31,$49,$49,$49,$96,$81,$9,9,$5.28,$5.28,$63,$0,$0,$1203,$21,$4376,$137,$356,$5060,$6263,$3281,$0,$301,$302,$3583,$9,$1629,$160,$2680,$6263,$140,$32,$-119,$-87,$72,$0,$13,$8,$93,$147,$-5,$0,$0,$222,$-140,$82,$-0,$77,$0,$0,$0,$-53,$-171,$-7,$-0,$-178,$45,$0,$0
37,2009-06-30,266.51,$265.96,1.0,$97.78,2.73,$75.00,3.55,$12.03,22.15,$1.31B,$3.34B,0.39,$0.00B,$2.57B,0.0,$0.92B,$0.09B,9.36%,$0.92B,$0.03B,3.26%,$0.92B,$0.03B,3.26%,$0.92B,$0.06B,6.42%,$0.92B,$0.03B,3.16%,$0.92B,$0.11B,12.08%,$0.11B,$2.57B,4.25%,$0.11B,$2.43B,4.52%,$0.11B,$6.18B,1.74%,$0.03B,$2.57B,1.15%,$299,$214,$85,$0,$0,$234,$66,$-0,$66,$20,$46,$46,$44,$74,$66,$9,10,$4.91,$4.80,$75,$0,$0,$1306,$21,$4185,$138,$307,$4869,$6175,$3338,$0,$269,$269,$3608,$9,$1579,$81,$2567,$6175,$91,$16,$-64,$-48,$10,$0,$59,$-47,$22,$64,$-3,$0,$0,$299,$-149,$150,$7,$153,$0,$0,$0,$-36,$-153,$-7,$-0,$-161,$57,$0,$0
38,2009-03-31,266.35,$282.89,0.94,$94.33,2.82,$86.35,3.08,$9.03,29.5,$1.26B,$3.22B,0.39,$0.00B,$2.34B,0.0,$0.87B,$0.04B,4.81%,$0.87B,$-0.02B,-1.72%,$0.87B,$-0.02B,-1.72%,$0.87B,$0.01B,1.37%,$0.87B,$-0.02B,-1.95%,$0.87B,$0.08B,9.28%,$0.08B,$2.55B,3.00%,$0.08B,$2.40B,3.21%,$0.08B,$6.01B,1.22%,$-0.02B,$2.55B,-0.56%,$240,$180,$60,$0,$0,$189,$51,$-0,$50,$6,$45,$45,$41,$58,$51,$9,10,$4.64,$4.36,$51,$0,$0,$1257,$23,$4061,$150,$296,$4756,$6013,$3223,$0,$239,$239,$3462,$8,$1574,$50,$2551,$6013,$45,$8,$6,$13,$12,$0,$-18,$-57,$-63,$-5,$-1,$0,$0,$385,$-250,$136,$1,$135,$0,$0,$0,$-9,$-93,$-4,$-1,$-98,$33,$0,$0
39,2008-12-31,277.33,$292.80,0.95,$104.86,2.64,$95.33,2.91,$14.90,18.61,$1.24B,$3.25B,0.38,$0.00B,$2.35B,0.0,$0.99B,$0.13B,13.35%,$0.99B,$0.06B,6.27%,$0.99B,$0.06B,6.27%,$0.99B,$0.09B,8.80%,$0.99B,$0.06B,6.17%,$0.99B,$0.13B,13.35%,$0.13B,$2.65B,4.77%,$0.13B,$2.50B,5.13%,$0.13B,$6.18B,1.93%,$0.06B,$2.65B,2.24%,$117,$164,$-47,$0,$0,$183,$-66,$-0,$-66,$-12,$-54,$-54,$30,$-58,$-66,$9,9,$4.21,$4.88,$18,$0,$0,$1243,$23,$4276,$151,$286,$4939,$6182,$3246,$0,$289,$289,$3535,$8,$1533,$87,$2647,$6182,$148,$26,$91,$117,$-24,$0,$-87,$177,$66,$331,$-10,$0,$101,$-320,$-89,$-409,$4,$-314,$0,$0,$0,$-25,$-25,$-17,$-1,$-43,$-40,$0,$0
40,2008-09-30,358.96,$295.84,1.21,$117.34,3.06,$105.50,3.4,$17.39,20.64,$1.29B,$3.37B,0.38,$0.00B,$2.39B,0.0,$1.13B,$0.28B,25.04%,$1.13B,$0.21B,18.61%,$1.13B,$0.21B,18.61%,$1.13B,$0.23B,20.63%,$1.13B,$0.21B,18.52%,$1.13B,$0.16B,13.84%,$0.16B,$2.69B,5.60%,$0.16B,$2.49B,6.05%,$0.16B,$7.20B,2.23%,$0.21B,$2.69B,7.53%,$263,$275,$-12,$0,$0,$284,$-21,$-0,$-21,$-12,$-9,$-9,$-4,$-15,$-21,$9,9,$-0.93,$-0.93,$30,$0,$0,$1288,$22,$4229,$201,$388,$5908,$7196,$3372,$0,$352,$1135,$4507,$8,$1499,$154,$2689,$7196,$109,$17,$33,$51,$-43,$0,$-47,$234,$145,$305,$-7,$0,$-138,$-187,$40,$-147,$-2,$-294,$0,$0,$0,$-25,$-25,$-13,$4,$-34,$-28,$0,$0
41,2008-06-30,326.55,$317.84,1.03,$118.41,2.76,$109.68,2.98,$25.47,12.82,$1.28B,$3.27B,0.39,$0.00B,$2.60B,0.0,$1.18B,$0.43B,36.44%,$1.18B,$0.34B,28.98%,$1.18B,$0.34B,28.98%,$1.18B,$0.36B,30.76%,$1.18B,$0.34B,28.90%,$1.18B,$0.23B,19.24%,$0.23B,$2.90B,8.10%,$0.23B,$2.69B,8.76%,$0.23B,$7.21B,3.29%,$0.34B,$2.90B,12.19%,$253,$212,$41,$0,$0,$233,$21,$-0,$20,$7,$13,$13,$14,$27,$21,$9,9,$1.49,$1.49,$30,$0,$0,$1282,$20,$4402,$203,$333,$5927,$7209,$3265,$0,$279,$1047,$4312,$8,$1522,$318,$2897,$7209,$114,$11,$2,$13,$-30,$0,$-11,$78,$37,$164,$-3,$0,$-66,$-159,$42,$-117,$-0,$-186,$0,$0,$0,$-2,$-2,$-9,$4,$-7,$-28,$0,$0
42,2008-03-31,335.85,$311.54,1.08,$121.66,2.76,$110.91,3.03,$30.02,11.19,$1.25B,$3.56B,0.35,$0.01B,$2.54B,0.0,$1.21B,$0.49B,40.61%,$1.21B,$0.40B,33.17%,$1.21B,$0.40B,33.17%,$1.21B,$0.42B,34.74%,$1.21B,$0.40B,33.17%,$1.21B,$0.27B,22.50%,$0.27B,$2.84B,9.97%,$0.27B,$2.62B,10.76%,$0.27B,$6.83B,4.07%,$0.40B,$2.84B,14.68%,$356,$206,$150,$0,$0,$227,$128,$-0,$128,$38,$91,$91,$92,$133,$128,$9,10,$10.07,$9.39,$52,$0,$0,$1245,$21,$4892,$218,$363,$5583,$6828,$3556,$5,$252,$433,$3989,$8,$1563,$281,$2838,$6828,$96,$5,$-30,$-25,$-12,$0,$-42,$69,$15,$86,$-0,$0,$-51,$-151,$109,$-42,$1,$-93,$0,$0,$0,$-2,$-2,$-4,$0,$-6,$-12,$0,$0
43,2007-12-31,395.34,$306.27,1.29,$123.71,3.2,$115.26,3.43,$30.33,13.04,$1.25B,$3.14B,0.4,$0.00B,$2.49B,0.0,$1.23B,$0.52B,42.55%,$1.23B,$0.43B,35.31%,$1.23B,$0.43B,35.31%,$1.23B,$0.45B,36.62%,$1.23B,$0.43B,35.23%,$1.23B,$0.28B,22.95%,$0.28B,$2.78B,10.65%,$0.28B,$2.58B,11.45%,$0.28B,$6.94B,4.31%,$0.43B,$2.78B,16.39%,$262,$157,$105,$0,$0,$179,$83,$-0,$83,$30,$53,$55,$55,$89,$83,$9,10,$6.05,$5.83,$58,$0,$0,$1251,$20,$4251,$208,$325,$5692,$6942,$3136,$0,$286,$1021,$4158,$8,$1459,$329,$2784,$6942,$299,$16,$23,$39,$144,$0,$-103,$100,$141,$479,$-5,$0,$-339,$80,$-227,$-147,$5,$-487,$-80,$0,$-80,$0,$0,$-17,$102,$4,$16,$0,$0
44,2007-09-30,399.28,$296.42,1.35,$117.33,3.4,$129.34,3.09,$30.58,13.06,$1.20B,$3.51B,0.34,$0.00B,$2.40B,0.0,$1.14B,$0.49B,42.56%,$1.14B,$0.48B,42.21%,$1.14B,$0.31B,26.88%,$1.14B,$0.50B,43.61%,$1.14B,$0.31B,26.80%,$1.14B,$0.18B,16.02%,$0.18B,$2.70B,7.14%,$0.18B,$2.47B,7.66%,$0.18B,$6.65B,2.88%,$0.48B,$2.70B,18.65%,$309,$175,$134,$0,$0,$198,$110,$-0,$110,$43,$67,$67,$66,$114,$110,$9,10,$7.27,$6.90,$33,$0,$0,$1204,$21,$4718,$223,$394,$5447,$6651,$3506,$0,$274,$450,$3956,$8,$1382,$318,$2695,$6651,$237,$11,$17,$28,$137,$0,$-50,$32,$118,$383,$-3,$0,$-310,$-50,$-61,$-111,$3,$-422,$-80,$0,$-80,$0,$0,$-13,$97,$3,$-15,$0,$0
45,2007-06-30,399.77,$286.31,1.4,$116.82,3.42,$133.43,3.0,$28.74,13.91,$1.29B,$3.37B,0.38,$0.00B,$2.30B,0.0,$1.14B,$0.46B,40.79%,$1.14B,$0.46B,40.44%,$1.14B,$0.28B,25.02%,$1.14B,$0.47B,41.67%,$1.14B,$0.28B,24.85%,$1.14B,$0.17B,14.63%,$0.17B,$2.60B,6.70%,$0.17B,$2.45B,7.16%,$0.17B,$6.34B,2.66%,$0.46B,$2.60B,18.24%,$282,$180,$102,$0,$0,$202,$80,$-0,$80,$21,$59,$59,$59,$84,$80,$9,9,$6.45,$6.18,$27,$0,$0,$1293,$18,$4392,$156,$394,$5047,$6339,$3366,$0,$239,$372,$3738,$8,$1315,$297,$2601,$6339,$169,$7,$-8,$-1,$53,$0,$-7,$-39,$6,$174,$-2,$0,$-76,$-121,$-20,$-141,$-3,$-222,$-80,$0,$-80,$0,$0,$-9,$95,$6,$-20,$0,$0
46,2007-03-31,367.41,$276.76,1.33,$120.03,3.06,$141.33,2.6,$30.43,12.07,$1.25B,$3.26B,0.38,$0.00B,$2.21B,0.0,$1.17B,$0.49B,42.07%,$1.17B,$0.49B,41.82%,$1.17B,$0.31B,26.82%,$1.17B,$0.50B,42.84%,$1.17B,$0.31B,26.48%,$1.17B,$0.18B,15.42%,$0.18B,$2.51B,7.50%,$0.18B,$2.35B,8.04%,$0.18B,$6.21B,2.90%,$0.49B,$2.51B,19.85%,$376,$194,$182,$0,$0,$215,$161,$-1,$160,$51,$109,$106,$102,$163,$161,$9,10,$11.28,$10.45,$33,$0,$0,$1252,$18,$4314,$158,$387,$4959,$6211,$3260,$0,$221,$439,$3699,$8,$1315,$271,$2512,$6211,$106,$2,$-50,$-48,$57,$0,$-35,$50,$72,$131,$-1,$0,$0,$16,$-188,$-172,$-3,$-176,$-80,$0,$-80,$0,$0,$-4,$95,$11,$-35,$0,$0
47,2006-12-31,357.58,$270.77,1.32,$112.51,3.18,$137.91,2.59,$27.10,13.19,$1.45B,$3.31B,0.44,$0.08B,$2.15B,0.04,$1.06B,$0.40B,37.55%,$1.06B,$0.40B,37.45%,$1.06B,$0.22B,20.94%,$1.06B,$0.41B,38.58%,$1.06B,$0.22B,20.57%,$1.06B,$0.14B,12.92%,$0.14B,$2.45B,6.07%,$0.14B,$2.29B,6.54%,$0.14B,$6.18B,2.24%,$0.40B,$2.53B,17.00%,$175,$108,$68,$0,$0,$44,$131,$-1,$-44,$26,$-44,$-44,$-44,$137,$-44,$9,9,$6.37,$5.94,$68,$0,$0,$1451,$18,$4057,$160,$412,$4728,$6179,$3306,$80,$200,$424,$3729,$8,$1239,$276,$2449,$6179,$248,$12,$69,$80,$492,$0,$-5,$-261,$226,$554,$-4,$0,$-213,$197,$-855,$-658,$9,$-866,$0,$0,$0,$47,$338,$-8,$4,$333,$9,$0,$0
