,Date,Stock Price,Book Value per Share,Price to Book Ratio,TTM Sales per Share,Price to Sales Ratio,TTM FCF per Share,Price to FCF Ratio,TTM Net EPS,PE Ratio,Current Assets,Current Liabilities,Current Ratio,Long Term Debt,Shareholder's Equity_x,Debt to Equity Ratio,TTM Revenue_x,TTM Gross Profit,Gross Margin,TTM Revenue_y,TTM Operating Income,Operating Margin,TTM Revenue_x,TTM EBIT,EBIT Margin,TTM Revenue_y,TTM EBITDA,EBITDA Margin,TTM Revenue_x,TTM Pre-Tax Income,Pre-Tax Margin,TTM Revenue_y,TTM Net Income_x,Net Margin,TTM Net Income_y,Shareholder's Equity_y,Return on Equity,TTM Net Income_x,Tangible Equity,Return on Tangible Equity,TTM Net Income_y,Total Assets,Return on Assets,TTM Net Income,LT Investments & Debt,Return on Investment,revenue,cost-goods-sold,gross-profit,research-development-expenses,selling-general-administrative-expenses,operating-expenses,operating-income,total-non-operating-income-expense,pre-tax-income,total-provision-income-taxes,income-after-taxes,income-from-continuous-operations,net-income,ebitda,ebit,basic-shares-outstanding,shares-outstanding,eps-basic-net-earnings-per-share,eps-earnings-per-share-diluted,cash-on-hand,inventory,other-current-assets,total-current-assets,net-property-plant-equipment,long-term-investments,goodwill-intangible-assets-total,other-long-term-assets,total-long-term-assets,total-assets,total-current-liabilities,long-term-debt,other-non-current-liabilities,total-long-term-liabilities,total-liabilities,common-stock-net,retained-earnings-accumulated-deficit,comprehensive-income,total-share-holder-equity,total-liabilities-share-holders-equity,net-income-loss,total-depreciation-amortization-cash-flow,other-non-cash-items,total-non-cash-items,change-in-accounts-receivable,change-in-inventories,change-in-accounts-payable,change-in-assets-liabilities,total-change-in-assets-liabilities,cash-flow-from-operating-activities,net-change-in-property-plant-equipment,net-change-in-intangible-assets,net-acquisitions-divestitures,net-change-in-short-term-investments,net-change-in-long-term-investments,net-change-in-investments-total,investing-activities-other,cash-flow-from-investing-activities,net-long-term-debt,net-current-debt,debt-issuance-retirement-net-total,net-common-equity-issued-repurchased,net-total-equity-issued-repurchased,total-common-preferred-stock-dividends-paid,financial-activities-other,cash-flow-from-financial-activities,net-cash-flow,stock-based-compensation,common-stock-dividends-paid
0,2018-09-30,15.45,$0.00,0.0,$40.03,0.39,$6.24,2.47,$2.86,5.4,$7.18B,$6.11B,1.18,$9.44B,$11.60B,0.81,$15.72B,$2.43B,15.46%,$15.72B,$1.35B,8.56%,$15.72B,$1.35B,8.56%,$15.72B,$4.52B,28.76%,$15.72B,$3.43B,21.83%,$15.72B,$1.54B,9.81%,$1.54B,$11.60B,15.40%,$1.54B,$10.91B,16.42%,$1.54B,$34.19B,4.90%,$1.35B,$21.03B,7.03%,$3878,$3072,$806,$35,$345,$3472,$406,$765,$1171,$748,$423,$423,$422,$690,$406,$394,394,$1.07,$1.07,$2316,$2031,$15,$7183,$24189,$851,$684,$0,$27010,$34193,$6114,$9438,$4005,$16483,$22598,$334,$11272,$0,$11595,$34193,$662,$2101,$-1466,$635,$-830,$-134,$526,$-64,$1322,$2600,$-1834,$0,$-9,$0,$205,$205,$9,$-1629,$-1645,$0,$-1645,$-4,$-4,$0,$918,$-731,$934,$7,$0
1,2018-06-30,13.58,$0.00,0.0,$40.06,0.34,$5.38,2.52,$2.87,4.73,$7.28B,$5.95B,1.22,$9.55B,$10.50B,0.91,$15.68B,$2.20B,14.04%,$15.68B,$1.12B,7.13%,$15.68B,$1.12B,7.13%,$15.68B,$4.68B,29.84%,$15.68B,$2.32B,14.81%,$15.68B,$1.13B,7.18%,$1.13B,$10.50B,12.48%,$1.13B,$9.84B,13.34%,$1.13B,$32.98B,3.80%,$1.12B,$20.05B,6.23%,$4028,$3549,$479,$20,$383,$3953,$76,$939,$1015,$949,$65,$65,$86,$928,$76,$392,392,$0.22,$0.22,$2494,$1771,$13,$7284,$23031,$1079,$660,$0,$25700,$32984,$5951,$9551,$3868,$16531,$22482,$451,$10065,$0,$10502,$32984,$324,$1817,$-1152,$665,$-516,$42,$297,$-116,$1164,$2123,$-1468,$0,$-12,$0,$234,$234,$13,$-1233,$70,$0,$70,$-5,$-5,$0,$-449,$-384,$758,$5,$0
2,2018-03-31,21.62,$0.00,0.0,$39.44,0.55,$5.31,4.07,$2.57,8.41,$6.32B,$5.23B,1.21,$8.40B,$8.74B,0.96,$15.49B,$2.39B,15.44%,$15.49B,$1.26B,8.15%,$15.49B,$1.26B,8.15%,$15.49B,$4.75B,30.65%,$15.49B,$1.59B,10.29%,$15.49B,$1.05B,6.80%,$1.05B,$8.74B,12.58%,$1.05B,$8.20B,13.48%,$1.05B,$28.11B,3.72%,$1.26B,$17.14B,7.38%,$3859,$3229,$630,$16,$384,$2976,$883,$17,$900,$596,$305,$305,$309,$1848,$883,$392,392,$0.79,$0.79,$2155,$1488,$0,$6323,$19192,$1227,$543,$0,$21787,$28110,$5229,$8396,$3233,$14137,$19366,$532,$8204,$0,$8744,$28110,$305,$965,$-422,$543,$-215,$3,$165,$-296,$252,$1091,$-804,$0,$-14,$0,$252,$252,$0,$-566,$-39,$0,$-39,$0,$0,$0,$-275,$-314,$243,$3,$0
3,2017-12-31,22.91,$23.42,0.98,$38.34,0.6,$6.12,3.74,$1.78,12.87,$7.39B,$6.21B,1.19,$9.16B,$9.21B,1.0,$15.27B,$2.48B,16.22%,$15.27B,$0.67B,4.37%,$15.27B,$0.67B,4.37%,$15.27B,$3.95B,25.88%,$15.27B,$0.53B,3.44%,$15.27B,$0.75B,4.89%,$0.75B,$9.21B,9.30%,$0.75B,$8.61B,9.98%,$0.75B,$30.55B,2.69%,$0.67B,$18.38B,4.01%,$3959,$3443,$516,$38,$455,$3979,$-19,$367,$347,$-374,$721,$721,$725,$1056,$-19,$393,393,$1.85,$1.85,$2517,$1648,$0,$7387,$21408,$365,$603,$533,$23159,$30545,$6205,$9164,$3689,$15127,$21332,$628,$745,$7698,$9213,$30545,$765,$3283,$642,$3924,$-488,$-102,$387,$145,$-297,$4347,$-3601,$0,$-54,$0,$0,$0,$318,$-3337,$1110,$0,$1110,$-6,$-6,$-43,$-1082,$-21,$1086,$10,$-43
4,2017-09-30,22.28,$0.00,0.0,$37.18,0.6,$1.63,13.65,$0.32,69.63,$5.92B,$4.63B,1.28,$8.60B,$7.59B,1.13,$14.81B,$2.48B,16.77%,$14.81B,$0.82B,5.50%,$14.81B,$0.82B,5.50%,$14.81B,$3.76B,25.42%,$14.81B,$0.23B,1.58%,$14.81B,$0.12B,0.78%,$0.12B,$7.59B,1.50%,$0.12B,$7.07B,1.61%,$0.12B,$26.75B,0.43%,$0.82B,$16.19B,5.03%,$3830,$3254,$576,$19,$398,$3653,$177,$-117,$60,$45,$14,$14,$5,$846,$177,$388,388,$0.01,$0.01,$1356,$1452,$0,$5919,$19411,$758,$524,$0,$20836,$26754,$4629,$8597,$3382,$14533,$19162,$601,$6975,$0,$7593,$26754,$41,$2207,$716,$2924,$-454,$-77,$250,$183,$29,$2969,$-2549,$0,$-25,$0,$139,$139,$30,$-2405,$495,$0,$495,$-6,$-6,$0,$-784,$-296,$297,$7,$0
5,2017-06-30,21.8,$0.00,0.0,$36.87,0.59,$-1.64,0.0,$-4.85,0.0,$5.69B,$4.61B,1.24,$8.81B,$7.93B,1.11,$14.72B,$2.43B,16.52%,$14.72B,$0.75B,5.07%,$14.72B,$0.75B,5.07%,$14.72B,$3.81B,25.89%,$14.72B,$-2.36B,-16.01%,$14.72B,$-1.91B,-13.00%,$-1.91B,$7.93B,-24.82%,$-1.91B,$7.38B,-26.72%,$-1.91B,$27.71B,-7.02%,$0.75B,$16.74B,4.64%,$3838,$3169,$669,$53,$396,$3617,$221,$66,$287,$270,$17,$17,$14,$997,$221,$398,398,$0.03,$0.03,$1367,$1533,$0,$5687,$20457,$862,$556,$0,$22023,$27711,$4605,$8807,$3597,$15174,$19778,$662,$7262,$0,$7932,$27711,$30,$1539,$617,$2155,$72,$-83,$-1,$149,$106,$2401,$-1766,$0,$-22,$0,$0,$0,$33,$-1755,$63,$0,$63,$-6,$-6,$0,$-547,$-491,$172,$4,$0
6,2017-03-31,24.17,$0.00,0.0,$36.67,0.66,$-5.95,0.0,$-5.01,0.0,$5.24B,$4.62B,1.14,$7.89B,$7.36B,1.07,$14.59B,$2.46B,16.87%,$14.59B,$0.90B,6.16%,$14.59B,$0.90B,6.16%,$14.59B,$4.00B,27.39%,$14.59B,$-2.59B,-17.71%,$14.59B,$-1.98B,-13.56%,$-1.98B,$7.36B,-24.20%,$-1.98B,$6.85B,-25.98%,$-1.98B,$25.75B,-7.12%,$0.90B,$15.26B,5.55%,$3642,$2926,$716,$38,$363,$3354,$288,$-456,$-168,$-180,$12,$12,$2,$1052,$288,$417,417,$0.00,$0.00,$1211,$1344,$0,$5244,$19017,$825,$514,$0,$20508,$25752,$4616,$7894,$3364,$13773,$18389,$666,$6693,$0,$7364,$25752,$12,$763,$570,$1333,$121,$7,$73,$219,$240,$1575,$-931,$0,$-17,$-0,$0,$-0,$1,$-948,$-232,$0,$-232,$0,$0,$0,$-343,$-575,$43,$2,$0
7,2016-12-31,16.43,$20.42,0.8,$36.28,0.45,$-8.65,0.0,$-4.83,0.0,$5.91B,$5.58B,1.06,$8.64B,$8.03B,1.08,$14.22B,$2.22B,15.61%,$14.22B,$0.72B,5.09%,$14.22B,$0.72B,5.09%,$14.22B,$3.80B,26.74%,$14.22B,$-2.02B,-14.18%,$14.22B,$-1.91B,-13.44%,$-1.91B,$8.03B,-21.93%,$-1.91B,$7.48B,-23.47%,$-1.91B,$28.51B,-6.68%,$0.72B,$16.67B,4.37%,$3496,$2974,$522,$109,$414,$3367,$129,$-75,$55,$-45,$99,$99,$95,$868,$129,$391,391,$0.24,$0.24,$1239,$1477,$0,$5905,$20853,$895,$549,$0,$22606,$28511,$5583,$8636,$3384,$14895,$20478,$266,$-1911,$7144,$8033,$28511,$-1921,$3078,$3257,$6335,$-1089,$99,$-77,$193,$-969,$3330,$-4344,$0,$-30,$-235,$73,$-163,$57,$-4480,$1898,$0,$1898,$-3,$-3,$-60,$-1102,$732,$-313,$10,$-60
8,2016-09-30,18.14,$0.00,0.0,$37.79,0.48,$-12.26,0.0,$-5.54,0.0,$6.10B,$5.61B,1.09,$8.12B,$7.50B,1.08,$14.83B,$2.47B,16.67%,$14.83B,$0.62B,4.15%,$14.83B,$0.62B,4.15%,$14.83B,$3.82B,25.75%,$14.83B,$-0.44B,-2.97%,$14.83B,$-2.18B,-14.68%,$-2.18B,$7.50B,-21.80%,$-2.18B,$6.92B,-23.28%,$-2.18B,$27.06B,-6.93%,$0.62B,$15.63B,3.45%,$3742,$3218,$524,$21,$393,$3634,$108,$-2638,$-2530,$-503,$-2027,$-2027,$-2024,$893,$108,$392,392,$-5.17,$-5.17,$1676,$1521,$0,$6099,$19234,$834,$579,$0,$20965,$27063,$5612,$8122,$2947,$13948,$19560,$694,$6819,$0,$7503,$27063,$-2020,$2340,$2947,$5287,$-1031,$-13,$-175,$401,$-976,$2289,$-3147,$0,$-26,$-145,$-140,$-285,$24,$-3435,$2032,$0,$2032,$-3,$-3,$-60,$-775,$1194,$151,$7,$-60
9,2016-06-30,18.97,$0.00,0.0,$39.54,0.48,$-14.20,0.0,$0.13,145.89,$6.38B,$6.01B,1.06,$7.41B,$0.00B,0.0,$15.51B,$3.06B,19.71%,$15.51B,$1.12B,7.19%,$15.51B,$1.12B,7.19%,$15.51B,$4.24B,27.35%,$15.51B,$2.63B,16.93%,$15.51B,$0.05B,0.30%,$0.05B,$9.81B,0.45%,$0.05B,$9.22B,0.48%,$0.05B,$29.83B,0.15%,$1.12B,$17.22B,6.25%,$3714,$3014,$700,$52,$389,$3340,$374,$-316,$58,$111,$-53,$-53,$-52,$1184,$374,$393,393,$-0.13,$-0.13,$1129,$1565,$0,$6378,$22271,$342,$596,$0,$23449,$29827,$6010,$7410,$3005,$14003,$20014,$0,$0,$0,$9813,$29827,$7,$1555,$188,$1743,$-1048,$-8,$-114,$231,$-485,$1228,$-2295,$0,$0,$64,$0,$64,$25,$-2206,$1444,$0,$1444,$-4,$-4,$0,$-482,$958,$36,$4,$0
10,2016-03-31,17.66,$0.00,0.0,$41.37,0.43,$-14.04,0.0,$0.92,19.2,$6.52B,$5.73B,1.14,$7.26B,$0.00B,0.0,$16.22B,$3.42B,21.11%,$16.22B,$1.37B,8.42%,$16.22B,$1.37B,8.42%,$16.22B,$4.40B,27.13%,$16.22B,$3.10B,19.08%,$16.22B,$0.36B,2.19%,$0.36B,$9.53B,3.46%,$0.36B,$8.96B,3.68%,$0.36B,$29.15B,1.15%,$1.37B,$16.79B,7.86%,$3271,$2797,$474,$32,$316,$3159,$113,$287,$400,$340,$60,$60,$69,$858,$113,$392,392,$0.18,$0.18,$1903,$1433,$0,$6517,$21465,$337,$576,$0,$22636,$29152,$5727,$7255,$3194,$13892,$19620,$0,$0,$0,$9532,$29152,$60,$745,$-171,$574,$-555,$76,$61,$208,$130,$755,$-1206,$0,$0,$-1,$0,$-1,$25,$-1182,$1354,$0,$1354,$0,$0,$0,$-242,$1112,$751,$3,$0
11,2015-12-31,15.53,$0.00,0.0,$43.22,0.36,$-13.97,0.0,$1.36,11.42,$8.38B,$8.68B,0.97,$8.48B,$13.11B,0.65,$16.95B,$3.95B,23.27%,$16.95B,$1.77B,10.43%,$16.95B,$1.77B,10.43%,$16.95B,$4.71B,27.77%,$16.95B,$3.16B,18.65%,$16.95B,$0.53B,3.14%,$0.53B,$13.11B,5.25%,$0.53B,$12.31B,5.58%,$0.53B,$39.54B,1.78%,$1.77B,$21.59B,10.64%,$4099,$3325,$773,$76,$677,$4079,$20,$1575,$1632,$1854,$-222,$-170,$-170,$883,$20,$392,392,$-0.43,$-0.43,$1762,$2095,$0,$8375,$0,$476,$792,$323,$1695,$39544,$8681,$8479,$4402,$17756,$26438,$427,$499,$0,$13106,$39544,$482,$2938,$0,$2938,$0,$0,$0,$0,$2188,$4505,$-6939,$0,$-18,$0,$0,$-35,$23,$-6969,$0,$0,$3380,$0,$-13,$-55,$-738,$2575,$612,$0,$0
12,2015-09-30,15.04,$0.00,0.0,$44.71,0.34,$-8.40,0.0,$2.23,6.75,$5.61B,$6.05B,0.93,$6.44B,$9.39B,0.69,$17.53B,$4.31B,24.61%,$17.53B,$2.16B,12.29%,$17.53B,$2.16B,12.29%,$17.53B,$5.11B,29.14%,$17.53B,$1.49B,8.52%,$17.53B,$0.87B,4.98%,$0.87B,$9.39B,9.57%,$0.87B,$8.85B,10.18%,$0.87B,$27.77B,3.29%,$2.16B,$15.83B,14.78%,$4429,$3318,$1110,$128,$373,$3819,$609,$-72,$537,$333,$204,$200,$200,$1318,$609,$392,392,$0.51,$0.51,$1175,$1561,$1190,$5614,$0,$358,$545,$235,$1162,$27772,$6047,$6441,$3342,$12331,$18378,$1122,$8248,$0,$9394,$27772,$681,$2076,$0,$2076,$0,$0,$0,$0,$45,$3432,$-5052,$0,$-18,$0,$0,$0,$0,$-5070,$0,$0,$2222,$0,$-13,$-54,$-490,$1665,$119,$0,$0
13,2015-06-30,26.94,$0.00,0.0,$45.20,0.6,$7.49,3.6,$2.71,9.94,$5.69B,$6.01B,0.95,$6.13B,$9.14B,0.67,$17.72B,$4.64B,26.16%,$17.72B,$2.47B,13.95%,$17.72B,$2.47B,13.95%,$17.72B,$5.31B,29.98%,$17.72B,$1.93B,10.88%,$17.72B,$1.06B,5.99%,$1.06B,$9.14B,11.93%,$1.06B,$8.61B,12.71%,$1.06B,$26.97B,4.12%,$2.47B,$15.27B,17.83%,$4422,$3355,$1067,$43,$400,$3799,$624,$-97,$526,$270,$257,$257,$257,$1341,$624,$392,392,$0.66,$0.66,$1592,$1450,$1051,$5690,$0,$369,$536,$207,$1139,$26968,$6010,$6126,$3269,$11816,$17826,$1164,$7957,$0,$9141,$26968,$493,$1367,$0,$1367,$0,$0,$0,$0,$-50,$2452,$-3451,$0,$0,$0,$0,$-18,$0,$-3469,$0,$0,$1817,$0,$-5,$0,$-352,$1461,$501,$0,$0
14,2015-03-31,26.96,$0.00,0.0,$44.81,0.6,$9.31,2.9,$2.52,10.7,$5.02B,$6.26B,0.8,$4.83B,$8.92B,0.54,$17.57B,$4.68B,26.64%,$17.57B,$2.43B,13.85%,$17.57B,$2.43B,13.85%,$17.57B,$5.08B,28.93%,$17.57B,$2.01B,11.44%,$17.57B,$0.99B,5.62%,$0.99B,$8.92B,11.46%,$0.99B,$8.39B,12.25%,$0.99B,$25.52B,3.98%,$2.43B,$13.75B,18.50%,$4001,$3007,$995,$22,$457,$3486,$515,$-49,$467,$223,$243,$245,$245,$1165,$515,$392,392,$0.62,$0.62,$1273,$1511,$892,$5024,$0,$352,$531,$233,$1146,$25524,$6258,$4832,$3292,$10348,$16606,$1202,$1287,$0,$8918,$25524,$243,$649,$0,$649,$0,$0,$0,$0,$157,$1376,$-1802,$0,$0,$0,$0,$-0,$0,$-1802,$0,$0,$709,$0,$0,$0,$-159,$550,$148,$0,$0
15,2014-12-31,26.0,$0.00,0.0,$44.30,0.59,$8.67,3.0,$2.81,9.25,$5.22B,$6.61B,0.79,$4.46B,$9.02B,0.5,$17.37B,$4.43B,25.47%,$17.37B,$2.23B,12.84%,$17.37B,$2.23B,12.84%,$17.37B,$4.76B,27.40%,$17.37B,$2.74B,15.75%,$17.37B,$1.10B,6.33%,$1.10B,$9.02B,13.00%,$1.10B,$8.47B,13.87%,$1.10B,$25.84B,4.56%,$2.23B,$13.48B,17.56%,$4676,$3535,$1141,$98,$636,$4269,$407,$-263,$-37,$-182,$144,$171,$171,$1284,$407,$392,392,$0.44,$0.44,$1209,$1611,$888,$5216,$0,$394,$544,$212,$1180,$25840,$6612,$4464,$3398,$10210,$16822,$1289,$7710,$0,$9018,$25840,$1096,$2528,$0,$2528,$0,$0,$0,$0,$-160,$5718,$-5966,$0,$-863,$0,$0,$-13,$225,$-6617,$0,$0,$1317,$0,$-25,$-57,$-617,$618,$-118,$0,$0
16,2014-09-30,36.33,$0.00,0.0,$40.55,0.9,$8.68,4.19,$2.99,12.15,$6.11B,$6.21B,0.98,$4.44B,$8.50B,0.52,$15.90B,$3.04B,19.12%,$15.90B,$1.39B,8.76%,$15.90B,$1.39B,8.76%,$15.90B,$3.72B,23.41%,$15.90B,$3.83B,24.09%,$15.90B,$1.17B,7.37%,$1.17B,$8.50B,13.90%,$1.17B,$7.92B,14.80%,$1.17B,$24.79B,4.90%,$1.39B,$12.94B,11.04%,$4619,$3188,$1432,$37,$470,$3694,$925,$45,$971,$582,$389,$388,$388,$1521,$925,$392,392,$0.99,$0.99,$2117,$1494,$985,$6108,$0,$309,$587,$279,$1186,$24786,$6211,$4436,$3061,$10071,$16282,$1264,$7221,$0,$8504,$24786,$913,$1651,$0,$1651,$0,$0,$0,$0,$-293,$4400,$207,$0,$0,$0,$0,$220,$-5130,$-4703,$0,$0,$-1090,$0,$0,$-56,$1926,$780,$624,$0,$0
17,2014-06-30,31.96,$0.00,0.0,$39.12,0.82,$-3.92,0.0,$2.60,12.29,$5.56B,$5.33B,1.04,$4.39B,$8.05B,0.55,$15.35B,$2.46B,16.03%,$15.35B,$0.80B,5.19%,$15.35B,$0.80B,5.19%,$15.35B,$3.04B,19.80%,$15.35B,$3.57B,23.23%,$15.35B,$1.02B,6.65%,$1.02B,$8.05B,12.55%,$1.02B,$7.47B,13.29%,$1.02B,$23.19B,4.49%,$0.80B,$12.43B,6.58%,$4271,$3161,$1111,$90,$435,$3686,$586,$-98,$608,$417,$192,$184,$184,$1112,$586,$392,392,$0.47,$0.47,$1619,$1489,$975,$5561,$0,$312,$573,$285,$1182,$23194,$5332,$4387,$3031,$9817,$15149,$1314,$6713,$0,$8045,$23194,$538,$1055,$0,$1055,$0,$0,$0,$0,$-1634,$2255,$-2541,$0,$-822,$0,$0,$-11,$226,$-3148,$0,$0,$1146,$0,$0,$0,$-286,$860,$91,$0,$0
18,2014-03-31,30.47,$0.00,0.0,$38.30,0.8,$-5.00,0.0,$2.38,12.8,$4.94B,$5.28B,0.94,$3.68B,$8.29B,0.44,$15.04B,$2.13B,14.19%,$15.04B,$0.23B,1.50%,$15.04B,$0.23B,1.50%,$15.04B,$2.42B,16.09%,$15.04B,$3.29B,21.87%,$15.04B,$0.93B,6.21%,$0.93B,$8.29B,11.87%,$0.93B,$7.86B,12.50%,$0.93B,$22.71B,4.31%,$0.23B,$11.97B,1.94%,$3804,$3063,$741,$26,$402,$3492,$313,$603,$1193,$822,$371,$357,$357,$842,$313,$393,393,$0.91,$0.91,$414,$1543,$1612,$4938,$0,$340,$433,$419,$1198,$22712,$5282,$3678,$3133,$9141,$14423,$1413,$6859,$0,$8289,$22712,$371,$529,$0,$529,$0,$0,$0,$0,$-938,$894,$-1573,$0,$-812,$0,$0,$-11,$241,$-2155,$0,$281,$0,$0,$0,$0,$-125,$156,$-1012,$0,$0
19,2013-12-31,32.23,$0.00,0.0,$38.08,0.85,$-3.76,0.0,$2.11,15.28,$6.36B,$6.04B,1.05,$4.25B,$8.89B,0.48,$14.96B,$2.33B,15.58%,$14.96B,$0.42B,2.81%,$14.96B,$0.42B,2.81%,$14.96B,$2.53B,16.88%,$14.96B,$2.64B,17.66%,$14.96B,$0.83B,5.54%,$0.83B,$8.89B,11.06%,$0.83B,$8.44B,11.63%,$0.83B,$24.98B,4.09%,$0.42B,$13.14B,3.80%,$3207,$3450,$-244,$55,$132,$3637,$-431,$392,$1059,$739,$320,$243,$243,$248,$-431,$392,392,$0.62,$0.62,$1973,$1820,$1198,$6357,$0,$391,$451,$549,$1397,$24977,$6043,$4251,$3686,$10048,$16091,$1953,$6892,$0,$8886,$24977,$936,$2106,$0,$2106,$0,$0,$0,$0,$-1301,$3862,$-4105,$0,$0,$0,$0,$0,$-10,$-4116,$0,$0,$1847,$0,$0,$-60,$-501,$1286,$1099,$0,$0
20,2013-09-30,19.69,$0.00,0.0,$40.49,0.49,$-2.64,0.0,$2.06,9.56,$4.80B,$5.25B,0.91,$3.59B,$7.32B,0.49,$15.92B,$3.74B,23.50%,$15.92B,$1.48B,9.29%,$15.92B,$1.48B,9.29%,$15.92B,$3.41B,21.44%,$15.92B,$2.10B,13.20%,$15.92B,$0.81B,5.09%,$0.81B,$7.32B,11.59%,$0.81B,$6.96B,12.17%,$0.81B,$20.03B,4.40%,$1.48B,$10.91B,14.55%,$4072,$3218,$854,$50,$475,$3743,$329,$86,$707,$452,$255,$237,$237,$838,$329,$393,393,$0.60,$0.60,$1243,$1512,$497,$4799,$0,$280,$358,$274,$923,$20029,$5253,$3591,$2565,$7456,$12709,$1918,$5371,$0,$7319,$20029,$576,$1428,$0,$1428,$0,$0,$0,$0,$-264,$2948,$-3277,$0,$0,$0,$0,$-8,$0,$-3285,$0,$1007,$0,$0,$0,$-59,$-265,$683,$388,$0,$0
21,2013-06-30,14.36,$0.00,0.0,$39.74,0.36,$-1.15,0.0,$1.88,7.64,$4.61B,$4.67B,0.99,$3.61B,$6.99B,0.52,$15.64B,$3.71B,23.73%,$15.64B,$1.54B,9.86%,$15.64B,$1.54B,9.86%,$15.64B,$3.43B,21.96%,$15.64B,$1.79B,11.47%,$15.64B,$0.74B,4.73%,$0.74B,$6.99B,10.94%,$0.74B,$6.64B,11.48%,$0.74B,$18.87B,4.29%,$1.54B,$10.60B,16.81%,$3958,$3175,$783,$33,$735,$3943,$15,$70,$331,$222,$109,$97,$97,$492,$15,$393,393,$0.25,$0.25,$985,$1597,$686,$4606,$0,$365,$344,$272,$997,$18871,$4673,$3611,$2508,$7213,$11885,$2050,$4904,$0,$6986,$18871,$342,$919,$0,$919,$0,$0,$0,$0,$-639,$1346,$-2057,$0,$0,$0,$0,$-7,$0,$-2064,$0,$0,$967,$0,$0,$0,$-211,$756,$75,$0,$0
22,2013-03-31,13.9,$0.00,0.0,$38.58,0.36,$1.68,8.28,$2.09,6.65,$3.91B,$4.18B,0.94,$2.79B,$6.78B,0.41,$15.17B,$3.69B,24.32%,$15.17B,$1.81B,11.91%,$15.17B,$1.81B,11.91%,$15.17B,$3.66B,24.09%,$15.17B,$1.90B,12.49%,$15.17B,$0.82B,5.42%,$0.82B,$6.78B,12.57%,$0.82B,$6.47B,13.20%,$0.82B,$17.13B,5.06%,$1.81B,$9.57B,22.32%,$3727,$2788,$939,$15,$417,$3220,$507,$39,$546,$294,$252,$252,$252,$948,$507,$393,393,$0.64,$0.64,$863,$1453,$0,$3911,$0,$394,$307,$300,$1018,$17127,$4184,$2792,$2300,$6162,$10346,$2135,$4646,$0,$6781,$17127,$252,$442,$0,$442,$0,$0,$0,$0,$-172,$754,$-949,$0,$0,$0,$0,$0,$0,$-949,$0,$0,$211,$0,$0,$0,$-106,$105,$-86,$0,$0
23,2012-12-31,14.15,$0.00,0.0,$36.50,0.39,$2.96,4.78,$2.39,5.92,$4.05B,$4.62B,0.88,$2.67B,$6.90B,0.39,$14.36B,$3.26B,22.70%,$14.36B,$1.39B,9.67%,$14.36B,$1.39B,9.67%,$14.36B,$3.22B,22.40%,$14.36B,$1.89B,13.17%,$14.36B,$0.94B,6.54%,$0.94B,$6.90B,14.87%,$0.94B,$6.57B,15.65%,$0.94B,$17.65B,6.04%,$1.39B,$9.57B,18.75%,$4165,$2999,$1166,$25,$513,$3537,$628,$66,$518,$308,$210,$225,$225,$1136,$628,$393,393,$0.57,$0.57,$1048,$1528,$0,$4051,$0,$423,$329,$260,$1022,$17653,$4621,$2672,$2423,$6129,$10751,$868,$1488,$0,$6902,$17653,$862,$1828,$0,$1828,$0,$0,$0,$0,$-254,$3820,$-3622,$0,$0,$0,$0,$0,$0,$-3622,$0,$0,$856,$0,$0,$-67,$-203,$586,$803,$0,$0
24,2012-09-30,12.44,$0.00,0.0,$35.06,0.35,$2.75,4.52,$2.29,5.43,$3.28B,$5.29B,0.62,$0.56B,$0.00B,0.0,$13.79B,$5.69B,41.24%,$13.79B,$4.35B,31.57%,$13.79B,$4.35B,31.57%,$13.79B,$6.03B,43.75%,$13.79B,$4.97B,36.01%,$13.79B,$0.90B,6.53%,$0.90B,$6.36B,15.71%,$0.90B,$6.05B,16.38%,$0.90B,$15.33B,6.21%,$4.35B,$6.92B,67.69%,$3785,$2963,$822,$38,$393,$3394,$391,$8,$398,$234,$165,$165,$165,$858,$391,$394,394,$0.42,$0.42,$213,$1538,$580,$3279,$0,$452,$308,$191,$971,$15326,$5294,$561,$2294,$3673,$8966,$0,$0,$0,$6360,$15326,$628,$1321,$0,$1321,$0,$0,$0,$0,$-78,$2736,$-2478,$0,$0,$0,$0,$0,$0,$-2478,$0,$0,$-171,$0,$0,$0,$-127,$-298,$-29,$0,$0
25,2012-06-30,11.82,$0.00,0.0,$34.80,0.34,$2.38,4.97,$2.94,4.02,$3.27B,$5.55B,0.59,$0.17B,$0.00B,0.0,$13.69B,$5.51B,40.25%,$13.69B,$4.61B,33.66%,$13.69B,$4.61B,33.66%,$13.69B,$6.16B,44.98%,$13.69B,$5.22B,38.11%,$13.69B,$1.16B,8.45%,$1.16B,$6.14B,21.47%,$1.16B,$5.83B,22.11%,$1.16B,$14.93B,8.35%,$4.61B,$6.31B,74.59%,$3497,$2734,$763,$39,$443,$3216,$281,$18,$433,$245,$188,$181,$181,$714,$281,$393,393,$0.46,$0.46,$104,$1562,$716,$3265,$0,$434,$311,$191,$949,$14930,$5550,$168,$2324,$3237,$8787,$0,$0,$0,$6143,$14930,$480,$853,$0,$853,$0,$0,$0,$0,$91,$2049,$-1649,$0,$0,$0,$0,$0,$0,$-1649,$0,$0,$-551,$0,$0,$0,$0,$-551,$-147,$0,$0
26,2012-03-31,27.19,$0.00,0.0,$34.38,0.79,$0.72,37.62,$3.09,8.8,$3.00B,$4.50B,0.67,$0.95B,$0.00B,0.0,$13.52B,$6.31B,46.65%,$13.52B,$4.74B,35.07%,$13.52B,$4.74B,35.07%,$13.52B,$6.14B,45.43%,$13.52B,$5.18B,38.30%,$13.52B,$1.22B,8.99%,$1.22B,$5.86B,24.22%,$1.22B,$5.55B,24.61%,$1.22B,$14.31B,9.24%,$4.74B,$6.81B,80.16%,$2912,$2404,$508,$26,$394,$2824,$88,$-62,$542,$243,$299,$368,$368,$508,$88,$393,393,$0.94,$0.94,$208,$1409,$639,$2999,$0,$439,$310,$205,$964,$14307,$4499,$950,$2335,$3950,$8449,$0,$0,$0,$5858,$14307,$299,$420,$0,$420,$0,$0,$0,$0,$424,$1190,$-881,$0,$0,$0,$0,$0,$0,$-881,$0,$0,$-361,$0,$0,$0,$0,$-361,$-48,$0,$0
27,2011-12-31,33.19,$0.00,0.0,$34.94,0.95,$0.17,200.57,$3.26,10.18,$3.42B,$5.29B,0.65,$1.13B,$4.55B,0.25,$13.75B,$6.80B,49.46%,$13.75B,$5.33B,38.80%,$13.75B,$5.33B,38.80%,$13.75B,$6.66B,48.45%,$13.75B,$5.31B,38.66%,$13.75B,$1.29B,9.40%,$1.29B,$4.55B,26.61%,$1.29B,$4.55B,26.62%,$1.29B,$13.45B,10.23%,$5.33B,$5.68B,94.70%,$3592,$0,$3592,$0,$0,$0,$3592,$0,$3592,$0,$3592,$186,$186,$3951,$3592,$393,393,$0.47,$0.47,$355,$1475,$750,$3423,$0,$154,$2,$245,$401,$13451,$5294,$1130,$2478,$3608,$8902,$955,$1286,$0,$4549,$13451,$1286,$1327,$0,$1327,$0,$0,$0,$0,$631,$3101,$-2984,$0,$0,$0,$0,$3,$0,$-2981,$0,$0,$970,$0,$0,$-1351,$0,$-381,$-262,$0,$0
28,2011-09-30,31.2,$0.00,0.0,$33.73,0.92,$2.47,12.61,$2.79,11.18,$3.85B,$4.51B,0.85,$0.90B,$0.00B,0.0,$13.27B,$0.28B,2.09%,$13.27B,$-2.15B,-16.20%,$13.27B,$-2.15B,-16.20%,$13.27B,$-1.18B,-8.90%,$13.27B,$-2.22B,-16.69%,$13.27B,$1.40B,10.53%,$1.40B,$5.00B,28.30%,$1.40B,$5.00B,28.32%,$1.40B,$12.74B,11.41%,$-2.15B,$5.90B,-38.84%,$3684,$3039,$645,$0,$0,$3039,$645,$3,$648,$226,$422,$422,$422,$983,$645,$394,394,$1.07,$1.07,$605,$1408,$1020,$3846,$0,$153,$2,$223,$378,$12740,$4510,$900,$2326,$3226,$7736,$0,$0,$0,$5004,$12740,$1086,$969,$0,$969,$0,$0,$0,$0,$68,$2027,$-1917,$0,$0,$0,$0,$0,$4,$-1913,$0,$546,$0,$0,$0,$-663,$0,$-118,$-4,$0,$0
29,2011-06-30,41.09,$0.00,0.0,$31.74,1.29,$2.20,18.72,$2.72,15.11,$3.55B,$4.59B,0.77,$0.60B,$0.00B,0.0,$12.48B,$2.53B,20.24%,$12.48B,$0.10B,0.79%,$12.48B,$0.10B,0.79%,$12.48B,$0.73B,5.83%,$12.48B,$0.03B,0.24%,$12.48B,$1.37B,10.95%,$1.37B,$4.67B,27.11%,$1.37B,$4.67B,27.12%,$1.37B,$12.14B,11.44%,$0.10B,$5.27B,1.78%,$3335,$1771,$1564,$0,$1147,$2918,$417,$-24,$397,$157,$240,$240,$240,$702,$417,$394,394,$0.61,$0.61,$268,$1240,$1046,$3547,$0,$150,$2,$279,$431,$12143,$4594,$601,$2277,$2878,$7473,$0,$0,$0,$4670,$12143,$676,$631,$0,$631,$0,$0,$0,$0,$-238,$914,$-1166,$0,$0,$0,$0,$0,$3,$-1163,$0,$0,$572,$0,$0,$-675,$0,$-104,$-352,$0,$0
30,2011-03-31,39.0,$0.00,0.0,$30.17,1.29,$2.83,13.76,$3.13,12.46,$3.70B,$4.22B,0.88,$0.47B,$0.00B,0.0,$11.87B,$3.68B,31.02%,$11.87B,$2.40B,20.22%,$11.87B,$2.40B,20.22%,$11.87B,$2.75B,23.13%,$11.87B,$2.35B,19.82%,$11.87B,$1.53B,12.88%,$1.53B,$5.20B,29.67%,$1.53B,$5.20B,29.69%,$1.53B,$12.18B,13.07%,$2.40B,$5.67B,43.23%,$3134,$2137,$997,$14,$304,$2456,$679,$0,$677,$234,$443,$444,$444,$1024,$679,$393,393,$1.11,$1.11,$754,$1193,$876,$3703,$0,$152,$2,$345,$499,$12184,$4224,$472,$2287,$2759,$6983,$0,$0,$0,$5201,$12184,$443,$346,$0,$346,$0,$0,$0,$0,$-530,$564,$-474,$0,$0,$0,$0,$0,$-0,$-474,$0,$0,$32,$0,$0,$0,$0,$32,$122,$0,$0
31,2010-12-31,44.1,$0.00,0.0,$22.20,1.99,$2.61,16.93,$2.02,21.83,$3.28B,$4.39B,0.75,$0.41B,$4.88B,0.09,$11.33B,$3.66B,32.29%,$11.33B,$2.43B,21.46%,$11.33B,$2.43B,21.46%,$11.33B,$2.77B,24.47%,$11.33B,$2.31B,20.43%,$11.33B,$1.49B,13.11%,$1.49B,$4.88B,28.65%,$1.49B,$4.88B,28.67%,$1.49B,$11.95B,13.03%,$2.43B,$5.30B,43.30%,$3121,$6048,$-2928,$74,$890,$7011,$-3891,$-46,$-3937,$591,$-4528,$292,$292,$-3891,$-3891,$393,393,$1.75,$1.75,$648,$991,$792,$3283,$0,$152,$3,$414,$569,$11945,$4385,$414,$2265,$2679,$7064,$0,$0,$0,$4882,$11945,$1485,$1352,$0,$1352,$0,$0,$0,$0,$-883,$3263,$-2238,$0,$0,$0,$0,$27,$0,$-2211,$0,$0,$186,$0,$0,$-1139,$0,$-954,$98,$0,$0
32,2010-09-30,32.97,$0.00,0.0,$14.27,2.31,0,0.0,$2.02,16.32,$3.66B,$3.93B,0.93,$0.34B,$5.42B,0.06,$10.77B,$4.35B,40.40%,$10.77B,$3.26B,30.23%,$10.77B,$3.26B,30.23%,$10.77B,$3.60B,33.40%,$10.77B,$3.06B,28.44%,$10.77B,$1.58B,14.63%,$1.58B,$5.42B,30.09%,$1.58B,$5.42B,30.11%,$1.58B,$11.54B,14.16%,$3.26B,$5.76B,57.08%,$2893,$0,$2893,$0,$0,$0,$2893,$0,$2893,$0,$2893,$391,$391,$2893,$2893,$393,393,$1.00,$1.00,$898,$1007,$927,$3656,$0,$175,$3,$322,$499,$11541,$3930,$343,$1848,$2191,$6121,$1001,$1166,$0,$5419,$11541,$0,$0,$0,$0,$0,$0,$0,$0,$0,$0,$0,$0,$0,$0,$0,$0,$0,$0,$0,$0,$0,$0,$0,$0,$0,$0,$0,$0,$0
33,2010-06-30,32.9,$0.00,0.0,$12.82,2.57,0,0.0,$1.70,19.35,$3.36B,$3.79B,0.89,$0.38B,$5.10B,0.08,$10.20B,$3.78B,37.08%,$10.20B,$2.69B,26.35%,$10.20B,$2.69B,26.35%,$10.20B,$3.03B,29.69%,$10.20B,$2.49B,24.46%,$10.20B,$1.45B,14.24%,$1.45B,$5.10B,28.03%,$1.45B,$5.09B,28.04%,$1.45B,$11.10B,13.54%,$2.69B,$5.48B,46.97%,$2719,$0,$2719,$0,$0,$0,$2719,$0,$2719,$0,$2719,$401,$401,$2719,$2719,$393,393,$1.02,$1.02,$782,$993,$850,$3360,$0,$181,$3,$249,$433,$11103,$3791,$382,$1835,$2217,$6008,$1012,$796,$0,$5095,$11103,$0,$0,$0,$0,$0,$0,$0,$0,$0,$0,$0,$0,$0,$0,$0,$0,$0,$0,$0,$0,$0,$0,$0,$0,$0,$0,$0,$0,$0
34,2010-03-31,35.65,$0.00,0.0,$11.47,3.11,0,0.0,$1.04,34.28,$3.24B,$3.27B,0.99,$0.58B,$5.34B,0.11,$9.68B,$3.26B,33.68%,$9.68B,$2.17B,22.37%,$9.68B,$2.17B,22.37%,$9.68B,$2.51B,25.90%,$9.68B,$1.97B,20.38%,$9.68B,$1.20B,12.35%,$1.20B,$5.34B,23.10%,$1.20B,$5.33B,23.11%,$1.20B,$11.01B,11.31%,$2.17B,$5.91B,37.48%,$2592,$1618,$973,$14,$250,$1882,$709,$-71,$639,$237,$401,$401,$401,$1050,$709,$0,0,$0.00,$0.00,$909,$845,$762,$3242,$0,$175,$3,$257,$435,$11008,$3272,$575,$1824,$2399,$5672,$1028,$1456,$0,$5337,$11008,$401,$341,$0,$341,$0,$0,$0,$0,$-124,$858,$-378,$0,$0,$0,$0,$24,$0,$-354,$0,$0,$-156,$0,$0,$0,$0,$-156,$348,$0,$0
35,2009-12-31,35.85,$0.00,0.0,$11.47,3.12,0,0.0,$1.04,34.47,$2.84B,$3.40B,0.84,$0.58B,$5.08B,0.11,$9.24B,$3.00B,32.46%,$9.24B,$1.89B,20.40%,$9.24B,$1.89B,20.40%,$9.24B,$2.19B,23.67%,$9.24B,$1.59B,17.18%,$9.24B,$0.94B,10.16%,$0.94B,$5.08B,17.66%,$0.94B,$5.08B,17.67%,$0.94B,$10.84B,8.84%,$1.89B,$5.66B,32.10%,$2562,$4798,$-2236,$103,$728,$5628,$-3066,$-123,$-3189,$539,$-3728,$382,$382,$-3066,$-3066,$0,0,$0.00,$0.00,$577,$825,$670,$2835,$0,$202,$3,$268,$473,$10844,$3395,$576,$1790,$2366,$5761,$1059,$1357,$0,$5083,$10844,$938,$1301,$0,$1301,$0,$0,$0,$0,$-539,$2534,$-1517,$0,$0,$0,$0,$9,$0,$-1508,$0,$0,$543,$0,$0,$-1318,$0,$-776,$250,$0,$0
36,2009-09-30,29.92,$0.00,0.0,$11.47,2.61,0,0.0,$1.04,28.77,$2.22B,$2.64B,0.84,$0.63B,$5.21B,0.12,$14.56B,$7.50B,51.50%,$14.56B,$6.26B,43.01%,$14.56B,$6.26B,43.01%,$14.56B,$6.57B,45.09%,$14.56B,$6.04B,41.47%,$14.56B,$1.32B,9.09%,$1.32B,$5.21B,23.35%,$1.32B,$5.21B,23.36%,$1.32B,$9.94B,12.01%,$6.26B,$5.84B,101.40%,$2325,$0,$2325,$0,$0,$0,$2325,$0,$2325,$0,$2325,$268,$268,$2325,$2325,$393,393,$0.68,$0.68,$302,$706,$496,$2224,$0,$641,$0,$363,$1004,$9937,$2635,$632,$1465,$2097,$4732,$1030,$686,$0,$5205,$9937,$0,$0,$0,$0,$0,$0,$0,$0,$0,$0,$0,$0,$0,$0,$0,$0,$0,$0,$0,$0,$0,$0,$0,$0,$0,$0,$0,$0,$0
37,2009-06-30,23.99,$0.00,0.0,$13.73,1.75,0,0.0,$1.31,18.31,$2.58B,$3.29B,0.79,$0.63B,$5.07B,0.12,$15.45B,$8.39B,54.28%,$15.45B,$7.15B,46.28%,$15.45B,$7.15B,46.28%,$15.45B,$7.45B,48.24%,$15.45B,$6.92B,44.82%,$15.45B,$1.43B,9.24%,$1.43B,$5.07B,22.94%,$1.43B,$5.07B,22.95%,$1.43B,$10.47B,12.17%,$7.15B,$5.70B,107.74%,$2197,$0,$2197,$0,$0,$0,$2197,$0,$2197,$0,$2197,$144,$144,$2197,$2197,$395,395,$0.36,$0.36,$468,$796,$551,$2583,$0,$212,$3,$248,$464,$10474,$3285,$628,$1456,$2121,$5406,$1056,$429,$0,$5068,$10474,$0,$0,$0,$0,$0,$0,$0,$0,$0,$0,$0,$0,$0,$0,$0,$0,$0,$0,$0,$0,$0,$0,$0,$0,$0,$0,$0,$0,$0
38,2009-03-31,18.5,$0.00,0.0,$14.98,1.23,0,0.0,$1.78,10.39,$2.74B,$3.30B,0.83,$0.39B,$0.00B,0.0,$15.93B,$8.87B,55.67%,$15.93B,$7.63B,47.92%,$15.93B,$7.63B,47.92%,$15.93B,$7.94B,49.81%,$15.93B,$7.41B,46.50%,$15.93B,$1.61B,10.12%,$1.61B,$5.91B,24.11%,$1.61B,$5.91B,24.12%,$1.61B,$11.24B,13.36%,$7.63B,$6.30B,109.22%,$2155,$1442,$713,$45,$239,$1726,$429,$-175,$254,$109,$145,$145,$145,$731,$429,$0,0,$0.00,$0.00,$438,$940,$0,$2744,$0,$228,$4,$284,$515,$11236,$3302,$386,$1635,$2020,$5323,$0,$0,$0,$5913,$11236,$145,$303,$0,$303,$0,$0,$0,$0,$-174,$422,$-323,$0,$0,$0,$0,$12,$0,$-311,$0,$-18,$0,$0,$0,$0,$0,$-18,$93,$0,$0
39,2008-12-31,34.17,$0.00,0.0,$21.52,1.59,$3.08,11.09,$2.78,12.29,$2.94B,$3.81B,0.77,$0.40B,$6.47B,0.06,$16.35B,$9.20B,56.28%,$16.35B,$7.98B,48.83%,$16.35B,$7.98B,48.83%,$16.35B,$8.32B,50.88%,$16.35B,$7.77B,47.51%,$16.35B,$1.86B,11.37%,$1.86B,$6.47B,26.41%,$1.86B,$6.47B,26.42%,$1.86B,$12.43B,15.30%,$7.98B,$6.87B,109.84%,$7884,$5620,$2264,$152,$800,$6572,$1312,$-51,$1262,$496,$766,$766,$766,$1312,$1312,$0,0,$0.00,$0.00,$387,$1097,$592,$2935,$0,$270,$2,$308,$580,$12427,$3812,$401,$1742,$2142,$5954,$1251,$2057,$0,$6473,$12427,$1158,$1453,$0,$1453,$0,$0,$0,$0,$1205,$4153,$-2166,$0,$0,$0,$0,$99,$0,$-2066,$0,$949,$0,$0,$0,$-2953,$0,$-2005,$82,$0,$0
40,2008-09-30,34.56,$0.00,0.0,$28.22,1.22,$5.21,6.64,$3.68,9.39,$3.52B,$3.41B,1.03,$0.22B,$0.00B,0.0,$11.10B,$9.57B,86.24%,$11.10B,$9.31B,83.85%,$11.10B,$9.31B,83.85%,$11.10B,$9.64B,86.86%,$11.10B,$9.14B,82.35%,$11.10B,$1.45B,13.04%,$1.45B,$7.45B,19.25%,$1.45B,$7.45B,19.25%,$1.45B,$12.82B,11.95%,$9.31B,$7.67B,121.02%,$3211,$0,$3211,$0,$0,$0,$3211,$0,$3211,$0,$3211,$373,$373,$3211,$3211,$393,393,$0.95,$0.95,$317,$1114,$839,$3523,$0,$273,$2,$297,$573,$12816,$3406,$222,$1737,$1959,$5365,$0,$0,$0,$7450,$12816,$0,$0,$0,$0,$0,$0,$0,$0,$0,$0,$0,$0,$0,$0,$0,$0,$0,$0,$0,$0,$0,$0,$0,$0,$0,$0,$0,$0,$0
41,2008-06-30,34.01,$0.00,0.0,$26.38,1.29,$5.21,6.53,$3.41,9.97,$2.80B,$3.10B,0.9,$0.21B,$6.91B,0.03,$10.38B,$8.85B,85.28%,$10.38B,$8.58B,82.72%,$10.38B,$8.58B,82.72%,$10.38B,$8.92B,85.95%,$10.38B,$8.42B,81.12%,$10.38B,$1.34B,12.93%,$1.34B,$6.91B,17.54%,$1.34B,$6.90B,17.54%,$1.34B,$11.80B,11.37%,$8.58B,$7.11B,109.88%,$2682,$0,$2682,$0,$0,$0,$2682,$0,$2682,$0,$2682,$328,$328,$2682,$2682,$393,393,$0.83,$0.83,$200,$916,$659,$2796,$0,$265,$2,$283,$550,$11801,$3099,$209,$1589,$1797,$4896,$1262,$1149,$0,$6905,$11801,$0,$0,$0,$0,$0,$0,$0,$0,$0,$0,$0,$0,$0,$0,$0,$0,$0,$0,$0,$0,$0,$0,$0,$0,$0,$0,$0,$0,$0
42,2008-03-31,29.97,$0.00,0.0,$25.11,1.19,$5.21,5.76,$3.36,8.92,$2.85B,$2.64B,1.08,$0.09B,$7.33B,0.01,$9.88B,$8.35B,84.54%,$9.88B,$8.09B,81.85%,$9.88B,$8.09B,81.85%,$9.88B,$8.42B,85.24%,$9.88B,$7.92B,80.17%,$9.88B,$1.32B,13.36%,$1.32B,$7.33B,16.74%,$1.32B,$7.33B,16.74%,$1.32B,$11.57B,11.24%,$8.09B,$7.42B,100.63%,$2572,$1527,$1045,$43,$223,$1793,$779,$72,$613,$221,$392,$392,$392,$1114,$779,$394,394,$1.00,$1.00,$490,$782,$561,$2849,$0,$269,$2,$334,$606,$11567,$2644,$88,$1506,$1594,$4238,$1251,$2805,$0,$7329,$11567,$392,$335,$0,$335,$0,$0,$0,$0,$817,$1598,$-384,$0,$0,$0,$0,$0,$0,$-384,$0,$340,$0,$0,$0,$-1346,$0,$-1006,$207,$0,$0
43,2007-12-31,27.13,$0.00,0.0,$23.81,1.14,$3.94,6.89,$3.35,8.1,$3.55B,$2.23B,1.59,$0.17B,$8.39B,0.02,$9.37B,$8.09B,86.40%,$9.37B,$7.84B,83.68%,$9.37B,$7.84B,83.68%,$9.37B,$8.16B,87.09%,$9.37B,$7.92B,84.58%,$9.37B,$1.32B,14.06%,$1.32B,$8.39B,16.62%,$1.32B,$8.39B,16.62%,$1.32B,$12.27B,11.34%,$7.84B,$8.56B,96.82%,$2635,$0,$2635,$0,$0,$0,$2635,$0,$2635,$0,$2635,$354,$354,$2635,$2635,$393,393,$0.90,$0.90,$274,$829,$1404,$3548,$0,$257,$3,$271,$531,$12269,$2234,$168,$1475,$1643,$3878,$1266,$3967,$0,$8391,$12269,$1316,$1333,$0,$1333,$0,$0,$0,$0,$-45,$2819,$-1984,$0,$0,$0,$0,$-8,$0,$-1992,$0,$-145,$0,$0,$0,$-760,$0,$-904,$-77,$0,$0
44,2007-09-30,24.4,$0.00,0.0,$22.44,1.09,$4.32,5.65,$2.45,9.96,$3.23B,$1.91B,1.7,$0.17B,$7.99B,0.02,$8.83B,$7.55B,85.57%,$8.83B,$7.30B,82.69%,$8.83B,$1.17B,13.21%,$8.83B,$7.62B,86.30%,$8.83B,$1.37B,15.56%,$8.83B,$1.20B,13.60%,$1.20B,$7.98B,15.35%,$1.20B,$7.98B,15.35%,$1.20B,$11.56B,10.49%,$7.30B,$8.15B,91.38%,$2486,$0,$2486,$0,$0,$0,$2486,$0,$2486,$0,$2486,$268,$268,$2486,$2486,$393,393,$0.68,$0.68,$133,$798,$1376,$3233,$0,$246,$3,$265,$514,$11563,$1906,$167,$1507,$1674,$3580,$1258,$2121,$0,$7983,$11563,$0,$0,$0,$0,$0,$0,$0,$0,$0,$0,$0,$0,$0,$0,$0,$0,$0,$0,$0,$0,$0,$0,$0,$0,$0,$0,$0,$0,$0
45,2007-06-30,28.42,$0.00,0.0,$21.68,1.31,$4.32,6.58,$2.53,11.23,$3.26B,$2.10B,1.55,$0.17B,$7.84B,0.02,$8.53B,$7.26B,85.06%,$8.53B,$7.00B,82.08%,$8.53B,$0.87B,10.19%,$8.53B,$7.32B,85.82%,$8.53B,$1.08B,12.62%,$8.53B,$1.23B,14.43%,$1.23B,$7.84B,15.88%,$1.23B,$7.84B,15.88%,$1.23B,$11.56B,10.88%,$7.00B,$8.01B,88.39%,$2185,$0,$2185,$0,$0,$0,$2185,$0,$2185,$0,$2185,$306,$306,$2185,$2185,$394,394,$0.78,$0.78,$133,$701,$1694,$3257,$0,$246,$3,$254,$503,$11556,$2095,$169,$1451,$1620,$3715,$1278,$1883,$0,$7841,$11556,$0,$0,$0,$0,$0,$0,$0,$0,$0,$0,$0,$0,$0,$0,$0,$0,$0,$0,$0,$0,$0,$0,$0,$0,$0,$0,$0,$0,$0
46,2007-03-31,26.53,$0.00,0.0,$21.52,1.23,$4.32,6.14,$2.93,9.05,$2.85B,$1.94B,1.47,$0.17B,$7.49B,0.02,$8.46B,$7.19B,84.94%,$8.46B,$6.93B,81.94%,$8.46B,$0.80B,9.45%,$8.46B,$7.25B,85.71%,$8.46B,$1.01B,11.89%,$8.46B,$1.39B,16.40%,$1.39B,$7.49B,18.07%,$1.39B,$7.49B,18.08%,$1.39B,$11.08B,12.48%,$6.93B,$7.66B,87.85%,$2059,$1275,$785,$36,$218,$1528,$531,$84,$615,$226,$389,$389,$389,$850,$531,$393,393,$0.99,$0.99,$309,$605,$1193,$2849,$0,$261,$3,$269,$533,$11084,$1944,$168,$1484,$1652,$3596,$1270,$3007,$0,$7488,$11084,$389,$319,$0,$319,$0,$0,$0,$0,$290,$1101,$-388,$0,$0,$0,$0,$-1,$0,$-389,$0,$8,$0,$0,$0,$-762,$0,$-755,$-43,$0,$0
47,2006-12-31,28.81,$0.00,0.0,$21.32,1.35,$2.51,11.49,$3.11,9.26,$3.66B,$2.06B,1.78,$0.17B,$0.00B,0.0,$8.38B,$8.38B,100.00%,$8.38B,$8.38B,100.00%,$8.38B,$2.25B,26.84%,$8.38B,$8.38B,100.00%,$8.38B,$2.37B,28.31%,$8.38B,$1.46B,17.38%,$1.46B,$7.96B,25.11%,$1.46B,$7.96B,25.12%,$1.46B,$11.57B,17.47%,$8.38B,$8.13B,140.27%,$2096,$0,$2096,$0,$0,$0,$2096,$0,$-3913,$0,$-4829,$237,$237,$2096,$-4036,$393,393,$0.60,$0.60,$356,$555,$369,$3659,$0,$258,$3,$293,$553,$11574,$2055,$167,$1391,$1558,$3613,$0,$0,$0,$7961,$11574,$1457,$1216,$0,$1216,$0,$0,$0,$0,$-95,$2622,$-1636,$0,$0,$0,$0,$-35,$0,$-1671,$0,$7,$0,$0,$0,$-772,$0,$-765,$187,$0,$0
