,Date,Stock Price,Book Value per Share,Price to Book Ratio,TTM Sales per Share,Price to Sales Ratio,TTM FCF per Share,Price to FCF Ratio,TTM Net EPS,PE Ratio,Current Assets,Current Liabilities,Current Ratio,Long Term Debt,Shareholder's Equity_x,Debt to Equity Ratio,TTM Revenue_x,TTM Gross Profit,Gross Margin,TTM Revenue_y,TTM Operating Income,Operating Margin,TTM Revenue_x,TTM EBIT,EBIT Margin,TTM Revenue_y,TTM EBITDA,EBITDA Margin,TTM Revenue_x,TTM Pre-Tax Income,Pre-Tax Margin,TTM Revenue_y,TTM Net Income_x,Net Margin,TTM Net Income_y,Shareholder's Equity_y,Return on Equity,TTM Net Income_x,Tangible Equity,Return on Tangible Equity,TTM Net Income_y,Total Assets,Return on Assets,TTM Net Income,LT Investments & Debt,Return on Investment,revenue,cost-goods-sold,gross-profit,research-development-expenses,selling-general-administrative-expenses,operating-expenses,operating-income,total-non-operating-income-expense,pre-tax-income,total-provision-income-taxes,income-after-taxes,income-from-continuous-operations,net-income,ebitda,ebit,basic-shares-outstanding,shares-outstanding,eps-basic-net-earnings-per-share,eps-earnings-per-share-diluted,cash-on-hand,inventory,other-current-assets,total-current-assets,net-property-plant-equipment,long-term-investments,goodwill-intangible-assets-total,other-long-term-assets,total-long-term-assets,total-assets,total-current-liabilities,long-term-debt,other-non-current-liabilities,total-long-term-liabilities,total-liabilities,common-stock-net,retained-earnings-accumulated-deficit,comprehensive-income,total-share-holder-equity,total-liabilities-share-holders-equity,net-income-loss,total-depreciation-amortization-cash-flow,other-non-cash-items,total-non-cash-items,change-in-accounts-receivable,change-in-inventories,change-in-accounts-payable,change-in-assets-liabilities,total-change-in-assets-liabilities,cash-flow-from-operating-activities,net-change-in-property-plant-equipment,net-change-in-intangible-assets,net-acquisitions-divestitures,net-change-in-short-term-investments,net-change-in-long-term-investments,net-change-in-investments-total,investing-activities-other,cash-flow-from-investing-activities,net-long-term-debt,net-current-debt,debt-issuance-retirement-net-total,net-common-equity-issued-repurchased,net-total-equity-issued-repurchased,total-common-preferred-stock-dividends-paid,financial-activities-other,cash-flow-from-financial-activities,net-cash-flow,stock-based-compensation,common-stock-dividends-paid
0,2018-09-30,8.98,$-9.71,-0.92,$151.58,0.06,$1.16,7.72,$-0.15,0.0,$0.80B,$0.63B,1.28,$0.86B,$-0.33B,-2.63,$5.06B,$3.44B,68.09%,$5.06B,$0.09B,1.78%,$5.06B,$0.09B,1.78%,$5.06B,$0.24B,4.65%,$5.06B,$-0.01B,-0.20%,$5.06B,$-0.01B,-0.12%,$-0.01B,$-0.33B,1.72%,$-0.01B,$-0.33B,1.69%,$-0.01B,$1.66B,-0.37%,$0.09B,$0.53B,17.29%,$1304,$417,$887,$0,$743,$1262,$41,$-34,$8,$5,$3,$3,$3,$76,$41,$33,34,$0.09,$0.09,$193,$0,$0,$802,$783,$0,$0,$72,$856,$1658,$627,$863,$281,$1359,$1986,$0,$-2226,$-337,$-329,$1658,$3,$110,$36,$146,$-59,$0,$33,$35,$9,$158,$-88,$0,$0,$0,$0,$0,$0,$-88,$-21,$0,$-21,$0,$0,$0,$-2,$-23,$48,$16,$0
1,2018-06-30,10.05,$-10.11,-0.99,$150.48,0.07,$-0.79,0.0,$-0.15,0.0,$0.80B,$0.61B,1.3,$0.87B,$-0.34B,-2.51,$5.00B,$3.42B,68.37%,$5.00B,$0.09B,1.84%,$5.00B,$0.09B,1.84%,$5.00B,$0.24B,4.78%,$5.00B,$-0.01B,-0.28%,$5.00B,$-0.01B,-0.12%,$-0.01B,$-0.34B,1.63%,$-0.01B,$-0.34B,1.58%,$-0.01B,$1.65B,-0.37%,$0.09B,$0.52B,17.89%,$1327,$419,$907,$0,$756,$1276,$51,$-26,$25,$10,$14,$14,$14,$89,$51,$33,34,$0.44,$0.43,$159,$0,$0,$795,$775,$0,$0,$75,$850,$1645,$613,$865,$282,$1376,$1989,$0,$-2229,$-350,$-344,$1645,$-0,$75,$21,$96,$-66,$0,$18,$23,$-25,$72,$-42,$0,$0,$0,$0,$0,$0,$-42,$-15,$0,$-15,$0,$0,$0,$-2,$-16,$13,$12,$0
2,2018-03-31,8.83,$-10.78,-0.82,$149.06,0.06,$-1.40,0.0,$-0.01,0.0,$0.74B,$0.58B,1.28,$0.87B,$-0.37B,-2.38,$4.94B,$3.40B,68.96%,$4.94B,$0.09B,1.90%,$4.94B,$0.09B,1.90%,$4.94B,$0.24B,4.88%,$4.94B,$-0.02B,-0.32%,$4.94B,$-0.00B,-0.02%,$-0.00B,$-0.37B,0.26%,$-0.00B,$-0.39B,0.25%,$-0.00B,$1.61B,-0.06%,$0.09B,$0.51B,17.94%,$1215,$386,$829,$0,$730,$1219,$-4,$-23,$-28,$-13,$-15,$-15,$-15,$33,$-4,$33,33,$-0.44,$-0.44,$113,$0,$0,$744,$793,$0,$27,$45,$865,$1609,$584,$871,$285,$1391,$1975,$0,$-2243,$-354,$-366,$1609,$-15,$38,$9,$47,$-41,$0,$2,$4,$-36,$-4,$-21,$0,$0,$0,$0,$0,$0,$-21,$-7,$0,$-7,$0,$0,$0,$-1,$-8,$-33,$5,$0
3,2017-12-31,14.38,$-10.80,-1.33,$148.00,0.1,$-1.84,0.0,$-0.35,0.0,$0.70B,$0.54B,1.29,$0.88B,$-0.35B,-2.48,$4.89B,$3.40B,69.40%,$4.89B,$0.10B,2.00%,$4.89B,$0.10B,2.00%,$4.89B,$0.25B,5.01%,$4.89B,$-0.02B,-0.35%,$4.89B,$-0.01B,-0.22%,$-0.01B,$-0.35B,2.74%,$-0.01B,$-0.35B,2.61%,$-0.01B,$1.59B,-0.65%,$0.10B,$0.52B,18.44%,$1209,$389,$819,$0,$727,$1207,$2,$-17,$-15,$-8,$-8,$-8,$-8,$38,$2,$33,33,$-0.22,$-0.21,$146,$0,$0,$700,$813,$0,$0,$73,$885,$1586,$544,$876,$281,$1395,$1939,$0,$-2229,$-356,$-354,$1586,$-11,$148,$29,$177,$-39,$0,$11,$-78,$-105,$61,$-95,$0,$0,$0,$0,$0,$85,$-10,$-79,$0,$-79,$0,$0,$0,$-17,$-96,$-45,$22,$0
4,2017-09-30,13.8,$-12.04,-1.15,$145.78,0.09,$0.35,39.28,$-0.35,0.0,$0.81B,$0.58B,1.39,$0.91B,$-0.40B,-2.26,$4.83B,$3.38B,69.88%,$4.83B,$0.11B,2.30%,$4.83B,$0.11B,2.30%,$4.83B,$0.26B,5.42%,$4.83B,$-0.01B,-0.21%,$4.83B,$-0.01B,-0.23%,$-0.01B,$-0.40B,2.64%,$-0.01B,$-0.43B,2.47%,$-0.01B,$1.70B,-0.63%,$0.11B,$0.51B,20.48%,$1251,$386,$866,$0,$724,$1208,$43,$-40,$4,$1,$3,$3,$3,$80,$43,$33,34,$0.09,$0.09,$215,$0,$0,$810,$819,$0,$28,$45,$892,$1702,$583,$913,$290,$1522,$2105,$0,$-2221,$-412,$-404,$1702,$-3,$111,$28,$139,$-79,$0,$13,$-3,$-69,$67,$-63,$0,$0,$0,$0,$0,$0,$-63,$-48,$0,$-48,$0,$0,$0,$-17,$-65,$-61,$17,$0
5,2017-06-30,11.12,$-12.24,-0.91,$145.32,0.08,$1.35,8.24,$-0.02,0.0,$0.86B,$0.56B,1.52,$0.97B,$-0.41B,-2.36,$4.80B,$3.37B,70.17%,$4.80B,$0.11B,2.23%,$4.80B,$0.11B,2.23%,$4.80B,$0.26B,5.44%,$4.80B,0,0.00%,$4.80B,$-0.00B,0.00%,$-0.00B,$-0.41B,0.00%,$-0.00B,$-0.44B,0.00%,$-0.00B,$1.76B,0.00%,$0.11B,$0.56B,18.28%,$1261,$369,$891,$0,$736,$1207,$53,$-31,$23,$4,$19,$19,$19,$90,$53,$33,33,$0.58,$0.57,$269,$0,$0,$857,$827,$0,$28,$48,$902,$1759,$564,$970,$290,$1606,$2170,$0,$-2224,$-415,$-411,$1759,$-6,$74,$20,$95,$-62,$0,$-0,$14,$-48,$41,$-32,$0,$0,$0,$0,$0,$0,$-32,$-9,$0,$-9,$0,$0,$0,$-6,$-15,$-7,$12,$0
6,2017-03-31,11.01,$-13.06,-0.84,$144.25,0.08,$1.74,6.32,$0.24,45.88,$0.79B,$0.55B,1.45,$0.97B,$-0.44B,-2.22,$4.75B,$3.35B,70.56%,$4.75B,$0.11B,2.34%,$4.75B,$0.11B,2.34%,$4.75B,$0.27B,5.62%,$4.75B,$0.01B,0.19%,$4.75B,$0.01B,0.17%,$0.01B,$-0.44B,-2.06%,$0.01B,$-0.47B,-1.91%,$0.01B,$1.73B,0.44%,$0.11B,$0.54B,18.13%,$1171,$351,$820,$0,$718,$1170,$0,$-30,$-29,$-4,$-25,$-25,$-25,$37,$0,$33,33,$-0.78,$-0.78,$210,$0,$0,$789,$845,$0,$27,$66,$939,$1728,$545,$973,$287,$1621,$2166,$0,$-2243,$-421,$-438,$1728,$-25,$37,$11,$48,$-45,$0,$-9,$8,$-46,$-24,$-15,$0,$0,$0,$0,$0,$0,$-15,$-5,$0,$-5,$0,$0,$0,$-6,$-11,$-49,$5,$0
7,2016-12-31,13.28,$-12.82,-1.04,$143.03,0.09,$2.10,6.32,$0.65,20.43,$0.78B,$0.56B,1.39,$0.98B,$-0.42B,-2.36,$4.70B,$3.35B,71.22%,$4.70B,$0.12B,2.64%,$4.70B,$0.12B,2.64%,$4.70B,$0.28B,6.05%,$4.70B,$0.02B,0.51%,$4.70B,$0.02B,0.45%,$0.02B,$-0.42B,-5.56%,$0.02B,$-0.44B,-5.13%,$0.02B,$1.77B,1.14%,$0.12B,$0.56B,19.33%,$1148,$348,$800,$0,$691,$1133,$15,$-23,$-8,$-0,$-8,$-8,$-8,$55,$15,$32,33,$-0.24,$-0.23,$263,$0,$0,$781,$871,$0,$27,$67,$989,$1770,$562,$980,$282,$1624,$2186,$0,$-2218,$-425,$-416,$1770,$22,$160,$12,$172,$-21,$0,$-1,$-68,$-90,$104,$-66,$0,$0,$0,$15,$15,$-17,$-68,$-71,$0,$-71,$0,$0,$0,$-3,$-73,$-37,$21,$0
8,2016-09-30,12.32,$-10.28,-1.2,$143.33,0.09,$2.69,4.57,$0.15,82.13,$0.87B,$0.58B,1.5,$1.02B,$-0.34B,-2.99,$4.69B,$3.36B,71.55%,$4.69B,$0.09B,2.00%,$4.69B,$0.09B,2.00%,$4.69B,$0.25B,5.41%,$4.69B,$-0.01B,-0.15%,$4.69B,$0.00B,0.11%,$0.00B,$-0.34B,-1.36%,$0.00B,$-0.37B,-1.24%,$0.00B,$1.87B,0.27%,$0.09B,$0.68B,14.09%,$1221,$364,$858,$0,$716,$1183,$39,$-24,$14,$1,$14,$14,$14,$79,$39,$32,33,$0.43,$0.42,$319,$0,$0,$873,$888,$0,$31,$57,$998,$1871,$582,$1024,$291,$1630,$2213,$0,$-2210,$-357,$-342,$1871,$29,$120,$10,$130,$-50,$0,$1,$-24,$-73,$86,$-49,$0,$0,$0,$15,$15,$79,$45,$-27,$0,$-27,$0,$0,$0,$-2,$-28,$103,$16,$0
9,2016-06-30,8.8,$-10.81,-0.81,$144.70,0.06,$2.66,3.31,$0.34,25.88,$0.87B,$0.59B,1.46,$1.03B,$-0.36B,-2.86,$4.72B,$3.38B,71.61%,$4.72B,$0.10B,2.18%,$4.72B,$0.10B,2.18%,$4.72B,$0.26B,5.58%,$4.72B,$0.01B,0.13%,$4.72B,$0.01B,0.23%,$0.01B,$-0.36B,-2.82%,$0.01B,$-0.39B,-2.57%,$0.01B,$1.89B,0.58%,$0.10B,$0.67B,15.70%,$1208,$335,$872,$0,$719,$1150,$57,$-25,$32,$5,$27,$27,$27,$96,$57,$32,33,$0.84,$0.83,$305,$0,$0,$865,$903,$0,$34,$62,$1022,$1886,$593,$1028,$292,$1653,$2246,$0,$-2224,$-360,$-360,$1886,$15,$79,$4,$83,$-55,$0,$7,$-3,$-51,$48,$-26,$0,$0,$0,$15,$15,$57,$45,$-21,$0,$-21,$0,$0,$0,$-2,$-23,$70,$11,$0
10,2016-03-31,9.32,$-11.81,-0.79,$146.57,0.06,$2.07,4.51,$0.31,30.06,$0.75B,$0.58B,1.31,$1.04B,$-0.39B,-2.66,$4.77B,$3.38B,70.98%,$4.77B,$0.10B,2.16%,$4.77B,$0.10B,2.16%,$4.77B,$0.27B,5.56%,$4.77B,$0.00B,0.04%,$4.77B,$0.01B,0.21%,$0.01B,$-0.39B,-2.43%,$0.01B,$-0.43B,-2.20%,$0.01B,$1.86B,0.52%,$0.10B,$0.65B,15.96%,$1120,$306,$815,$0,$698,$1107,$13,$-27,$-14,$-2,$-12,$-12,$-12,$54,$13,$32,32,$-0.37,$-0.37,$205,$0,$0,$753,$917,$0,$37,$134,$1111,$1864,$575,$1044,$292,$1681,$2257,$0,$-2251,$-363,$-393,$1864,$-12,$41,$7,$48,$-35,$0,$-1,$-11,$-47,$-11,$-15,$0,$0,$0,$15,$15,$27,$26,$-4,$0,$-4,$0,$0,$0,$0,$-4,$11,$5,$0
11,2015-12-31,14.18,$-11.80,-1.2,$150.37,0.09,$1.54,9.23,$-0.02,0.0,$0.73B,$0.57B,1.28,$1.05B,$-0.38B,-2.76,$4.83B,$3.39B,70.22%,$4.83B,$0.09B,1.95%,$4.83B,$0.09B,1.95%,$4.83B,$0.26B,5.30%,$4.83B,$-0.00B,-0.08%,$4.83B,0,0.00%,$0.00B,$-0.38B,0.00%,$0.00B,$-0.42B,0.00%,$0.00B,$1.88B,0.00%,$0.09B,$0.67B,14.90%,$1143,$330,$812,$0,$720,$1158,$-15,$-24,$-39,$-16,$-24,$-24,$-24,$25,$-15,$32,33,$-0.71,$-0.69,$233,$0,$0,$734,$937,$0,$40,$144,$1145,$1879,$574,$1047,$295,$1685,$2259,$0,$-2239,$-360,$-379,$1879,$1,$164,$46,$209,$41,$0,$-11,$-92,$-62,$148,$-91,$0,$0,$0,$0,$0,$-31,$-121,$-17,$0,$-17,$0,$0,$0,$-7,$-24,$3,$24,$0
12,2015-09-30,13.26,$-13.10,-1.01,$157.89,0.08,$-0.91,0.0,$0.87,15.24,$0.81B,$0.61B,1.32,$1.07B,$-0.43B,-2.49,$4.91B,$3.41B,69.43%,$4.91B,$0.14B,2.85%,$4.91B,$0.14B,2.85%,$4.91B,$0.31B,6.22%,$4.91B,$0.04B,0.86%,$4.91B,$0.03B,0.61%,$0.03B,$-0.43B,-6.57%,$0.03B,$-0.47B,-5.89%,$0.03B,$1.97B,1.52%,$0.14B,$0.64B,22.75%,$1245,$367,$878,$0,$726,$1197,$48,$-21,$27,$7,$20,$20,$20,$88,$48,$32,33,$0.62,$0.61,$236,$0,$0,$811,$939,$0,$45,$148,$1153,$1965,$614,$1065,$296,$1778,$2392,$0,$-2216,$-430,$-427,$1965,$24,$124,$21,$144,$-29,$0,$10,$-58,$-77,$92,$-56,$0,$0,$0,$0,$0,$17,$-39,$-13,$0,$-13,$0,$0,$0,$0,$-13,$40,$19,$0
13,2015-06-30,12.98,$-13.59,-0.95,$161.19,0.08,$-4.05,0.0,$0.23,56.43,$0.81B,$0.61B,1.33,$1.07B,$-0.45B,-2.4,$4.99B,$3.41B,68.39%,$4.99B,$0.12B,2.39%,$4.99B,$0.12B,2.39%,$4.99B,$0.29B,5.88%,$4.99B,$0.01B,0.24%,$4.99B,$0.01B,0.22%,$0.01B,$-0.45B,-2.50%,$0.01B,$-0.50B,-2.21%,$0.01B,$1.97B,0.55%,$0.12B,$0.62B,18.73%,$1258,$381,$878,$0,$716,$1202,$57,$-29,$28,$2,$26,$26,$26,$98,$57,$32,33,$0.81,$0.80,$213,$0,$0,$807,$949,$0,$51,$142,$1162,$1969,$606,$1069,$298,$1807,$2414,$0,$-2236,$-428,$-445,$1969,$4,$83,$16,$99,$-43,$0,$12,$-41,$-72,$31,$-30,$0,$0,$0,$0,$0,$32,$3,$-9,$0,$-9,$0,$0,$0,$0,$-9,$25,$12,$0
14,2015-03-31,17.96,$-14.65,-1.23,$165.61,0.11,$-6.48,0.0,$-0.73,0.0,$0.76B,$0.61B,1.24,$1.07B,$-0.48B,-2.24,$5.05B,$3.40B,67.33%,$5.05B,$0.08B,1.63%,$5.05B,$0.08B,1.63%,$5.05B,$0.26B,5.15%,$5.05B,$-0.03B,-0.57%,$5.05B,$-0.02B,-0.40%,$-0.02B,$-0.48B,4.77%,$-0.02B,$-0.54B,4.15%,$-0.02B,$1.97B,-0.98%,$0.08B,$0.59B,12.43%,$1186,$362,$825,$0,$707,$1183,$4,$-24,$-20,$1,$-22,$-22,$-22,$45,$4,$31,31,$-0.70,$-0.70,$154,$0,$0,$760,$971,$0,$55,$160,$1207,$1966,$611,$1074,$312,$1835,$2446,$0,$-2262,$-433,$-480,$1966,$-22,$42,$8,$49,$-46,$0,$26,$-33,$-53,$-26,$-16,$0,$0,$0,$0,$0,$11,$-4,$-5,$0,$-5,$0,$0,$0,$0,$-5,$-35,$5,$0
15,2014-12-31,22.49,$-15.47,-1.45,$181.28,0.12,$-8.14,0.0,$-3.98,0.0,$0.75B,$0.60B,1.25,$1.08B,$-0.47B,-2.28,$5.07B,$3.37B,66.41%,$5.07B,$0.05B,0.91%,$5.07B,$0.05B,0.91%,$5.07B,$0.25B,4.83%,$5.07B,$-0.08B,-1.64%,$5.07B,$-0.09B,-1.70%,$-0.09B,$-0.47B,22.05%,$-0.09B,$-0.54B,18.77%,$-0.09B,$1.99B,-4.08%,$0.05B,$0.61B,6.62%,$1218,$392,$826,$0,$689,$1187,$31,$-25,$7,$0,$6,$6,$6,$75,$31,$29,29,$1.07,$1.14,$200,$0,$0,$752,$994,$0,$60,$157,$1233,$1985,$604,$1079,$315,$1856,$2459,$0,$-2240,$-433,$-474,$1985,$-68,$200,$12,$211,$-11,$0,$-6,$-98,$-115,$29,$-48,$0,$0,$0,$0,$0,$7,$-42,$-196,$0,$-196,$0,$0,$0,$204,$8,$-5,$27,$0
16,2014-09-30,20.32,$-11.56,-1.76,$268.11,0.08,$-12.27,0.0,$-5.85,0.0,$0.85B,$0.66B,1.3,$1.08B,$-0.36B,-2.99,$5.06B,$3.34B,65.95%,$5.06B,$0.01B,0.26%,$5.06B,$0.01B,0.26%,$5.06B,$0.21B,4.23%,$5.06B,$-0.13B,-2.53%,$5.06B,$-0.09B,-1.82%,$-0.09B,$-0.36B,21.87%,$-0.09B,$-0.43B,18.63%,$-0.09B,$2.05B,-4.33%,$0.01B,$0.72B,1.77%,$1323,$442,$880,$0,$746,$1296,$27,$-30,$-3,$-4,$1,$1,$1,$76,$27,$31,32,$0.04,$-0.03,$215,$0,$0,$851,$1016,$0,$65,$96,$1195,$2047,$656,$1080,$334,$1752,$2408,$0,$-2246,$-311,$-361,$2047,$-74,$156,$10,$166,$-92,$0,$18,$-45,$-118,$-26,$-39,$0,$0,$0,$0,$0,$62,$23,$-196,$0,$-196,$250,$250,$0,$-46,$8,$5,$21,$0
17,2014-06-30,28.11,$-11.60,-2.42,$352.21,0.08,$-15.59,0.0,$-10.27,0.0,$0.96B,$0.76B,1.27,$1.08B,$-0.36B,-2.99,$4.99B,$3.29B,65.85%,$4.99B,$-0.01B,-0.16%,$4.99B,$-0.01B,-0.16%,$4.99B,$0.19B,3.85%,$4.99B,$-0.16B,-3.25%,$4.99B,$-0.14B,-2.75%,$-0.14B,$-0.36B,27.57%,$-0.14B,$-0.43B,23.84%,$-0.14B,$2.18B,-6.38%,$-0.01B,$0.72B,-1.27%,$1318,$452,$866,$0,$741,$1298,$20,$-33,$-13,$-8,$-5,$-5,$-5,$65,$20,$31,31,$-0.16,$-0.16,$302,$0,$0,$960,$1031,$0,$71,$100,$1220,$2180,$758,$1083,$339,$1784,$2542,$0,$-2247,$-311,$-362,$2180,$-75,$107,$6,$113,$-96,$0,$22,$-20,$-93,$-56,$-17,$0,$0,$0,$0,$0,$-32,$-50,$-103,$0,$-103,$250,$250,$0,$-45,$103,$-2,$15,$0
18,2014-03-31,22.5,$-11.61,-1.94,$450.62,0.05,$-19.25,0.0,$-11.83,0.0,$0.95B,$0.76B,1.26,$1.10B,$-0.36B,-3.02,$4.92B,$3.25B,66.14%,$4.92B,$-0.01B,-0.28%,$4.92B,$-0.01B,-0.28%,$4.92B,$0.19B,3.85%,$4.92B,$-0.17B,-3.54%,$4.92B,$-0.15B,-2.99%,$-0.15B,$-0.36B,25.93%,$-0.15B,$-0.44B,22.64%,$-0.15B,$2.22B,-6.85%,$-0.01B,$0.73B,-2.29%,$1211,$416,$795,$0,$726,$1243,$-32,$-42,$-74,$-4,$-70,$-70,$-88,$30,$-32,$22,22,$-3.95,$-3.95,$312,$0,$0,$949,$1063,$0,$75,$110,$1266,$2215,$756,$1098,$350,$1823,$2578,$0,$-2243,$-314,$-363,$2215,$-70,$62,$2,$64,$-75,$0,$37,$-12,$-50,$-56,$-11,$0,$0,$0,$0,$0,$-78,$-89,$-97,$0,$-97,$0,$0,$0,$206,$109,$-36,$7,$0
19,2013-12-31,17.37,$-58.72,-0.3,$535.15,0.03,$-19.88,0.0,$-10.80,0.0,$0.80B,$0.59B,1.37,$1.36B,$-0.60B,-2.27,$4.87B,$3.24B,66.49%,$4.87B,$0.03B,0.58%,$4.87B,$0.03B,0.58%,$4.87B,$0.22B,4.42%,$4.87B,$-0.13B,-2.65%,$4.87B,$-0.08B,-1.73%,$-0.08B,$-0.60B,13.19%,$-0.08B,$-0.68B,11.60%,$-0.08B,$2.07B,-3.92%,$0.03B,$0.76B,4.74%,$1208,$412,$796,$0,$693,$1209,$-2,$-37,$-38,$-39,$0,$0,$0,$43,$-2,$9,9,$0.14,$0.14,$266,$17,$0,$798,$1090,$0,$80,$79,$1267,$2065,$585,$1355,$336,$2078,$2662,$0,$-2154,$-315,$-597,$2065,$-84,$188,$2,$190,$-5,$0,$13,$-103,$-94,$12,$-57,$0,$0,$0,$0,$0,$34,$-24,$-9,$0,$-9,$0,$0,$0,$-12,$-21,$-32,$20,$0
20,2013-09-30,16.88,$-60.88,-0.28,$565.57,0.03,$-20.79,0.0,$-13.62,0.0,$0.86B,$1.01B,0.85,$0.97B,$-0.67B,-1.45,$4.83B,$3.22B,66.65%,$4.83B,$0.06B,1.24%,$4.83B,$0.06B,1.24%,$4.83B,$0.25B,5.10%,$4.83B,$-0.13B,-2.65%,$4.83B,$-0.12B,-2.46%,$-0.12B,$-0.67B,18.45%,$-0.12B,$-0.75B,16.15%,$-0.12B,$2.13B,-5.45%,$0.06B,$0.30B,10.25%,$1253,$423,$829,$0,$712,$1247,$6,$-43,$-37,$7,$-44,$-44,$-44,$54,$6,$10,10,$-4.45,$-4.45,$261,$0,$0,$859,$1121,$0,$85,$69,$1275,$2134,$1011,$968,$317,$1789,$2800,$0,$-2155,$-383,$-666,$2134,$-84,$143,$26,$168,$-60,$0,$25,$-53,$-87,$-3,$-51,$0,$0,$0,$0,$0,$22,$-29,$-6,$0,$-6,$0,$0,$0,$0,$-6,$-38,$5,$0
21,2013-06-30,28.75,$-59.32,-0.48,$527.35,0.05,$-19.43,0.0,$-13.47,0.0,$0.79B,$0.69B,1.15,$1.29B,$-0.64B,-2.01,$4.81B,$3.22B,67.00%,$4.81B,$0.08B,1.68%,$4.81B,$0.08B,1.68%,$4.81B,$0.27B,5.53%,$4.81B,$-0.10B,-2.02%,$4.81B,$-0.07B,-1.50%,$-0.07B,$-0.64B,12.29%,$-0.07B,$-0.73B,10.55%,$-0.07B,$2.17B,-3.21%,$0.08B,$0.65B,10.89%,$1243,$412,$831,$0,$718,$1228,$14,$-39,$-25,$-10,$-15,$-15,$-15,$62,$14,$9,9,$-1.72,$-1.72,$173,$0,$0,$790,$1145,$0,$89,$148,$1382,$2173,$685,$1290,$314,$2129,$2814,$0,$-2110,$-387,$-642,$2173,$-40,$95,$15,$110,$-66,$0,$6,$-28,$-88,$-18,$-35,$0,$0,$0,$0,$0,$15,$-20,$-4,$0,$-4,$0,$0,$0,$0,$-4,$-43,$4,$0
22,2013-03-31,7.55,$-68.38,-0.11,$563.67,0.01,$-17.11,0.0,$-14.96,0.0,$0.79B,$0.68B,1.16,$1.30B,$-0.64B,-2.02,$4.82B,$3.23B,67.05%,$4.82B,$0.08B,1.72%,$4.82B,$0.08B,1.72%,$4.82B,$0.27B,5.56%,$4.82B,$-0.10B,-1.97%,$4.82B,$-0.08B,-1.66%,$-0.08B,$-0.64B,14.92%,$-0.08B,$-0.74B,12.55%,$-0.08B,$2.20B,-3.47%,$0.08B,$0.65B,10.19%,$1163,$383,$780,$0,$681,$1153,$10,$-39,$-29,$-5,$-25,$-25,$-25,$57,$10,$8,8,$-2.93,$-2.93,$198,$0,$0,$791,$1167,$0,$94,$149,$1410,$2201,$680,$1296,$330,$2164,$2844,$0,$-2095,$-389,$-643,$2201,$-25,$47,$4,$50,$-45,$0,$-2,$8,$-40,$-14,$-17,$0,$0,$0,$0,$0,$6,$-10,$-2,$0,$-2,$0,$0,$0,$0,$-2,$-26,$1,$0
23,2012-12-31,6.75,$-78.88,-0.09,$598.21,0.01,$-16.69,0.0,$-24.44,0.0,$0.77B,$0.60B,1.3,$1.37B,$-0.63B,-2.17,$4.85B,$3.23B,66.65%,$4.85B,$0.02B,0.49%,$4.85B,$0.02B,0.49%,$4.85B,$0.21B,4.37%,$4.85B,$-0.15B,-3.11%,$4.85B,$-0.14B,-2.91%,$-0.14B,$-0.63B,29.16%,$-0.14B,$-0.73B,23.92%,$-0.14B,$2.23B,-5.94%,$0.02B,$0.74B,2.70%,$1169,$391,$778,$0,$657,$1139,$30,$-67,$-37,$-2,$-35,$-35,$-35,$74,$30,$7,7,$-3.99,$-3.99,$229,$27,$0,$774,$1191,$0,$99,$161,$1451,$2226,$595,$1366,$344,$2259,$2855,$0,$-2071,$-392,$-629,$2226,$-137,$188,$56,$244,$14,$0,$14,$-160,$-133,$-26,$-16,$0,$0,$0,$0,$0,$36,$20,$19,$0,$19,$0,$0,$0,$-5,$14,$8,$4,$0
24,2012-09-30,6.77,$-50.39,-0.13,$1019.25,0.01,$-25.38,0.0,$-32.31,0.0,$0.82B,$0.68B,1.21,$1.37B,$-0.43B,-3.18,$4.89B,$3.23B,66.02%,$4.89B,$-0.04B,-0.90%,$4.89B,$-0.04B,-0.90%,$4.89B,$0.15B,3.11%,$4.89B,$-0.19B,-3.92%,$4.89B,$-0.19B,-3.88%,$-0.19B,$-0.43B,45.67%,$-0.19B,$-0.53B,36.09%,$-0.19B,$2.37B,-7.79%,$-0.04B,$0.94B,-4.62%,$1237,$402,$835,$0,$701,$1210,$27,$-34,$-6,$-9,$3,$3,$3,$74,$27,$8,14,$0.40,$0.40,$189,$0,$0,$822,$1215,$0,$104,$225,$1545,$2367,$682,$1367,$331,$2115,$2797,$0,$-2035,$-224,$-430,$2367,$-101,$144,$23,$167,$-44,$0,$17,$-86,$-113,$-48,$-9,$0,$0,$0,$0,$0,$26,$17,$25,$0,$25,$0,$0,$0,$-5,$20,$-11,$3,$0
25,2012-06-30,7.04,$-54.14,-0.13,$2020.07,0.0,$-60.16,0.0,$-182.56,0.0,$0.87B,$0.68B,1.28,$1.37B,$-0.44B,-3.1,$4.93B,$3.22B,65.36%,$4.93B,$-0.10B,-1.97%,$4.93B,$-0.10B,-1.97%,$4.93B,$0.10B,2.07%,$4.93B,$-0.32B,-6.43%,$4.93B,$-0.37B,-7.56%,$-0.37B,$-0.44B,99.67%,$-0.37B,$-0.55B,76.12%,$-0.37B,$2.43B,-14.80%,$-0.10B,$0.93B,-9.85%,$1251,$412,$839,$0,$724,$1235,$16,$-39,$-23,$-1,$-23,$-23,$-23,$64,$16,$7,7,$-3.21,$-3.21,$260,$0,$0,$872,$1253,$0,$108,$194,$1555,$2428,$684,$1373,$356,$2187,$2871,$0,$-2038,$-228,$-443,$2428,$-104,$97,$16,$113,$-34,$0,$14,$-6,$-25,$-17,$-10,$0,$0,$0,$0,$0,$16,$6,$32,$0,$32,$0,$0,$0,$-5,$27,$16,$2,$0
26,2012-03-31,6.63,$-56.29,-0.12,$9749.22,0.0,$-421.21,0.0,$-424.80,0.0,$0.88B,$0.69B,1.28,$1.39B,$-0.43B,-3.21,$4.94B,$3.19B,64.67%,$4.94B,$-0.12B,-2.41%,$4.94B,$-0.12B,-2.41%,$4.94B,$0.09B,1.84%,$4.94B,$-0.34B,-6.88%,$4.94B,$-0.39B,-7.96%,$-0.39B,$-0.43B,113.67%,$-0.39B,$-0.55B,84.15%,$-0.39B,$2.48B,-15.35%,$-0.12B,$0.95B,-11.98%,$1194,$413,$781,$0,$705,$1243,$-49,$-36,$-85,$-3,$-82,$-82,$-86,$0,$-49,$7,7,$-12.40,$-12.40,$274,$0,$0,$883,$1289,$0,$113,$197,$1599,$2481,$690,$1386,$369,$2223,$2913,$0,$-2016,$-228,$-432,$2481,$-82,$49,$15,$64,$-16,$0,$22,$-5,$1,$-17,$-5,$0,$0,$0,$0,$0,$10,$5,$39,$0,$39,$0,$0,$0,$-1,$38,$26,$0,$0
27,2011-12-31,9.97,$-52.36,-0.19,$16638.13,0.0,$-699.37,0.0,$-1060.89,0.0,$0.84B,$0.68B,1.24,$1.35B,$-0.36B,-3.75,$4.87B,$3.14B,64.48%,$4.87B,$-0.14B,-2.83%,$4.87B,$-0.14B,-2.83%,$4.87B,$0.08B,1.68%,$4.87B,$-0.36B,-7.44%,$4.87B,$-0.41B,-8.40%,$-0.41B,$-0.36B,132.04%,$-0.41B,$-0.48B,93.70%,$-0.41B,$2.49B,-15.76%,$-0.14B,$0.99B,-18.01%,$1212,$437,$776,$0,$687,$1250,$-38,$-40,$-78,$8,$-86,$-86,$-84,$14,$-38,$2,2,$868.51,$868.51,$260,$26,$0,$838,$1337,$0,$118,$194,$1648,$2486,$676,$1345,$352,$2169,$2844,$0,$-1930,$-234,$-359,$2486,$-354,$219,$88,$307,$-36,$0,$5,$53,$21,$-26,$-4,$0,$0,$0,$0,$0,$-153,$-157,$395,$-123,$272,$0,$0,$0,$-32,$240,$58,$16,$0
28,2011-09-30,14.7,$-41.07,-0.36,$24326.33,0.0,$-175.86,0.0,$-900.00,0.0,$0.96B,$0.69B,1.39,$1.33B,$-0.26B,-5.07,$4.75B,$3.11B,65.44%,$4.75B,$-0.12B,-2.61%,$4.75B,$-0.12B,-2.61%,$4.75B,$0.11B,2.21%,$4.75B,$-0.35B,-7.29%,$4.75B,$-0.31B,-6.42%,$-0.31B,$-0.26B,111.82%,$-0.31B,$-0.39B,75.26%,$-0.31B,$2.69B,-11.65%,$-0.12B,$1.07B,-18.34%,$1276,$448,$828,$0,$742,$1303,$-26,$-105,$-131,$-9,$-123,$-123,$-180,$24,$-26,$1,1,$-153.74,$-153.74,$227,$0,$0,$958,$1411,$0,$125,$191,$1727,$2685,$692,$1332,$374,$2256,$2947,$19,$-1821,$-241,$-263,$2685,$-268,$167,$91,$258,$-105,$0,$-1,$88,$-18,$-53,$7,$0,$0,$0,$0,$0,$-155,$-148,$375,$-123,$252,$0,$0,$0,$-32,$220,$20,$15,$0
29,2011-06-30,339.0,$-2085.53,-0.16,$30644.28,0.01,$182.59,1.86,$-1148.49,0.0,$0.89B,$0.71B,1.26,$1.29B,$-0.33B,-3.93,$4.61B,$3.06B,66.35%,$4.61B,$-0.12B,-2.54%,$4.61B,$-0.12B,-2.54%,$4.61B,$0.13B,2.71%,$4.61B,$-0.28B,-6.05%,$4.61B,$-0.19B,-4.06%,$-0.19B,$-0.33B,78.74%,$-0.19B,$-0.46B,49.90%,$-0.19B,$2.59B,-7.15%,$-0.12B,$0.96B,-19.81%,$1257,$448,$809,$0,$705,$1263,$-6,$-40,$-46,$-3,$-43,$-43,$-43,$53,$-6,$0,0,$-267.33,$-267.33,$156,$0,$0,$886,$1455,$0,$130,$118,$1703,$2589,$706,$1291,$367,$2212,$2918,$0,$-1643,$-235,$-329,$2589,$-146,$118,$-10,$107,$-98,$0,$10,$65,$-23,$-61,$3,$0,$0,$0,$0,$0,$3,$6,$32,$41,$73,$0,$0,$0,$-5,$68,$13,$-1,$0
30,2011-03-31,522.0,$-1824.65,-0.29,$30590.70,0.02,$620.75,0.84,$-978.79,0.0,$0.86B,$1.63B,0.53,$0.34B,$-0.29B,-1.16,$4.47B,$3.00B,67.19%,$4.47B,$-0.06B,-1.41%,$4.47B,$-0.06B,-1.41%,$4.47B,$0.19B,4.14%,$4.47B,$-0.23B,-5.19%,$4.47B,$-0.15B,-3.42%,$-0.15B,$-0.29B,87.68%,$-0.15B,$-0.42B,48.34%,$-0.15B,$2.62B,-5.71%,$-0.06B,$0.05B,-11.27%,$1123,$397,$726,$0,$680,$1191,$-68,$-39,$-107,$-5,$-103,$-103,$-102,$-9,$-68,$0,0,$-643.56,$-643.56,$157,$0,$0,$860,$1500,$0,$135,$129,$1764,$2624,$1634,$335,$371,$1278,$2912,$0,$-1601,$-236,$-288,$2624,$-103,$59,$-3,$57,$-55,$0,$19,$36,$-0,$-46,$2,$0,$0,$0,$0,$0,$-0,$1,$38,$24,$62,$0,$0,$0,$-4,$59,$14,$-1,$0
31,2010-12-31,1116.0,$-133.29,-8.37,$37876.54,0.03,$1224.74,0.91,$-4345.46,0.0,$0.77B,$1.02B,0.75,$0.84B,$-0.21B,-3.96,$4.34B,$2.93B,67.68%,$4.34B,$-0.23B,-5.26%,$4.34B,$-0.23B,-5.26%,$4.34B,$0.02B,0.55%,$4.34B,$-0.40B,-9.25%,$4.34B,$-0.33B,-7.50%,$-0.33B,$-0.21B,252.43%,$-0.33B,$-0.35B,118.07%,$-0.33B,$2.57B,-11.81%,$-0.23B,$0.63B,-30.06%,$1092,$347,$744,$0,$655,$1116,$-24,$-38,$-62,$-87,$24,$24,$20,$37,$-24,$0,0,$1992.44,$1992.44,$143,$16,$0,$768,$1529,$0,$140,$135,$1804,$2572,$1019,$837,$360,$1764,$2783,$0,$-1521,$-240,$-211,$2572,$-328,$252,$-7,$245,$5,$0,$-16,$94,$83,$1,$67,$0,$34,$0,$0,$0,$5,$106,$-30,$-24,$-54,$28,$28,$0,$-36,$-62,$45,$31,$0
32,2010-09-30,1875.0,$-775.33,-2.42,$146856.04,0.01,$-34600.36,0.0,$7948.48,0.24,$0.79B,$1.08B,0.73,$0.85B,$-0.12B,-6.99,$4.18B,$2.86B,68.48%,$4.18B,$-0.29B,-6.84%,$4.18B,$-0.29B,-6.84%,$4.18B,$-0.02B,-0.41%,$4.18B,$-0.28B,-6.58%,$4.18B,$-0.22B,-5.33%,$-0.22B,$-0.12B,651.09%,$-0.22B,$-0.27B,120.05%,$-0.22B,$2.67B,-7.78%,$-0.29B,$0.73B,-32.58%,$1137,$358,$779,$0,$685,$1156,$-19,$-45,$-64,$-4,$-60,$-60,$-62,$44,$-19,$0,0,$-403.03,$-403.03,$115,$0,$0,$792,$1608,$0,$144,$130,$1881,$2673,$1080,$850,$363,$1715,$2795,$0,$-1523,$-148,$-122,$2673,$-347,$191,$38,$229,$-38,$0,$-3,$148,$107,$-9,$58,$0,$0,$0,$23,$23,$5,$87,$-34,$-8,$-42,$12,$12,$0,$-30,$-60,$17,$31,$0
33,2010-06-30,1125.0,$-494.57,-2.27,$291852.09,0.0,$-66089.75,0.0,$-11875.76,0.0,$0.86B,$1.15B,0.75,$0.91B,$-0.08B,-11.82,$4.25B,$2.89B,67.91%,$4.25B,$-0.39B,-9.27%,$4.25B,$-0.39B,-9.27%,$4.25B,$-0.12B,-2.78%,$4.25B,$-0.38B,-9.04%,$4.25B,$-0.32B,-7.53%,$-0.32B,$-0.08B,531.12%,$-0.32B,$-0.23B,146.62%,$-0.32B,$2.84B,-10.60%,$-0.39B,$0.84B,-45.69%,$1119,$364,$755,$0,$601,$1071,$48,$-47,$1,$0,$1,$1,$-9,$113,$48,$0,0,$-72.73,$-72.73,$144,$0,$0,$858,$1681,$0,$149,$144,$1985,$2843,$1149,$913,$359,$1772,$2921,$11,$-1461,$-149,$-77,$2843,$-284,$128,$44,$172,$-28,$0,$18,$108,$98,$-14,$25,$0,$0,$0,$0,$0,$5,$30,$41,$1,$42,$16,$16,$0,$-27,$31,$47,$28,$0
34,2010-03-31,3975.0,$-754.25,-5.27,$439222.04,0.01,$-95700.69,0.0,$-51193.94,0.0,$0.83B,$1.20B,0.69,$0.95B,$-0.11B,-9.04,$4.36B,$2.95B,67.74%,$4.36B,$-0.74B,-16.90%,$4.36B,$-0.74B,-16.90%,$4.36B,$-0.45B,-10.33%,$4.36B,$-0.75B,-17.20%,$4.36B,$-0.62B,-14.24%,$-0.62B,$-0.11B,1046.41%,$-0.62B,$-0.26B,277.09%,$-0.62B,$2.92B,-19.60%,$-0.74B,$0.84B,-87.28%,$987,$331,$656,$0,$761,$1220,$-233,$-43,$-276,$-6,$-270,$-270,$-274,$-170,$-233,$0,0,$-3984.85,$-3984.85,$130,$0,$0,$826,$1775,$0,$153,$165,$2094,$2919,$1203,$949,$373,$1821,$3024,$11,$-1451,$-143,$-105,$2919,$-274,$63,$120,$183,$-1,$0,$16,$95,$109,$18,$4,$0,$0,$0,$0,$0,$0,$4,$60,$-29,$32,$0,$0,$0,$-21,$10,$32,$110,$0
35,2009-12-31,6150.0,$13186.79,0.47,$617540.04,0.01,$-107599.19,0.0,$-80057.58,0.0,$0.86B,$1.01B,0.85,$0.94B,$0.16B,5.75,$4.87B,$3.25B,66.80%,$4.87B,$-0.88B,-18.11%,$4.87B,$-0.88B,-18.11%,$4.87B,$-0.59B,-12.17%,$4.87B,$-0.89B,-18.23%,$4.87B,$-0.62B,-12.73%,$-0.62B,$0.17B,-3263.16%,$-0.62B,$0.01B,406.56%,$-0.62B,$3.03B,-18.50%,$-0.88B,$1.10B,-98.41%,$938,$265,$673,$0,$639,$1020,$-82,$146,$64,$-48,$113,$113,$122,$-4,$-82,$0,0,$16538.38,$16538.38,$98,$18,$0,$859,$1821,$0,$160,$170,$2173,$3032,$1010,$936,$420,$1855,$2865,$0,$-1177,$-144,$167,$3032,$-619,$289,$-331,$-42,$312,$0,$-141,$111,$282,$-379,$97,$0,$0,$0,$32,$32,$6,$135,$84,$-1,$84,$0,$0,$0,$-67,$17,$-228,$31,$0
36,2009-09-30,32550.0,$-28395.71,-1.15,$672277.78,0.05,$-47923.13,0.0,$-123863.64,0.0,$1.01B,$1.69B,0.6,$0.89B,$-0.23B,-3.96,$5.24B,$3.65B,69.64%,$5.24B,$-0.99B,-18.95%,$5.24B,$-0.99B,-18.95%,$5.24B,$-0.71B,-13.51%,$5.24B,$-1.16B,-22.14%,$5.24B,$-0.99B,-18.84%,$-0.99B,$-0.23B,-1012.31%,$-0.99B,$-0.40B,1233.75%,$-0.99B,$3.28B,-27.53%,$-0.99B,$0.67B,-105.89%,$1204,$403,$801,$0,$806,$1331,$-127,$-47,$-173,$-2,$-171,$-171,$-159,$-57,$-127,$0,0,$-20200.00,$-20200.00,$163,$0,$0,$1005,$1959,$0,$171,$146,$2276,$3281,$1688,$892,$410,$1819,$3507,$63,$-1297,$-164,$-226,$3281,$-742,$211,$-132,$79,$188,$0,$-76,$235,$347,$-316,$71,$0,$0,$0,$0,$0,$3,$74,$94,$41,$135,$0,$0,$0,$-56,$79,$-163,$29,$0
37,2009-06-30,12675.0,$-9284.78,-1.37,$833067.47,0.02,$1381.93,9.17,$-98863.64,0.0,$1.03B,$1.73B,0.6,$0.83B,$-0.07B,-11.42,$6.42B,$4.39B,68.34%,$6.42B,$-1.62B,-25.30%,$6.42B,$-1.62B,-25.30%,$6.42B,$-1.34B,-20.89%,$6.42B,$-1.76B,-27.49%,$6.42B,$-1.55B,-24.14%,$-1.55B,$-0.07B,-407.90%,$-1.55B,$-0.25B,-1060.96%,$-1.55B,$3.42B,-40.71%,$-1.62B,$0.76B,-129.17%,$1226,$407,$820,$0,$980,$1520,$-294,$-70,$-364,$-65,$-299,$-299,$-309,$-219,$-294,$0,0,$-39393.94,$-39393.94,$165,$0,$0,$1032,$2063,$0,$175,$148,$2387,$3418,$1728,$833,$423,$1763,$3491,$63,$-1138,$-168,$-73,$3418,$-583,$141,$-131,$10,$167,$0,$-82,$245,$329,$-243,$12,$0,$0,$0,$0,$0,$-0,$11,$61,$58,$119,$0,$0,$0,$-48,$71,$-161,$27,$0
38,2009-03-31,32850.0,$26449.01,1.24,$989367.30,0.03,$36731.92,0.89,$-54772.73,0.0,$1.20B,$1.67B,0.72,$0.85B,$0.21B,4.09,$7.59B,$5.14B,67.77%,$7.59B,$-1.26B,-16.58%,$7.59B,$-1.26B,-16.58%,$7.59B,$-0.99B,-12.99%,$7.59B,$-1.35B,-17.74%,$7.59B,$-1.20B,-15.87%,$-1.20B,$0.21B,-150.55%,$-1.20B,$0.03B,-396.71%,$-1.20B,$3.68B,-28.63%,$-1.26B,$1.06B,-76.28%,$1503,$542,$960,$0,$1167,$1882,$-379,$-36,$-415,$-141,$-274,$-274,$-274,$-313,$-379,$0,0,$-34924.24,$-34924.24,$266,$0,$0,$1196,$2129,$0,$180,$169,$2478,$3675,$1673,$849,$384,$1795,$3467,$63,$-829,$-172,$208,$3675,$-274,$66,$-95,$-29,$119,$0,$-50,$139,$208,$-94,$3,$0,$0,$0,$0,$0,$-18,$-15,$28,$41,$70,$0,$0,$0,$-38,$32,$-77,$33,$0
39,2008-12-31,21000.0,$61471.61,0.34,$1094380.21,0.02,$56341.76,0.37,$-28030.31,0.0,$1.46B,$1.74B,0.84,$0.79B,$0.48B,1.64,$8.32B,$5.68B,68.22%,$8.32B,$-0.93B,-11.20%,$8.32B,$-0.93B,-11.20%,$8.32B,$-0.66B,-7.97%,$8.32B,$-1.00B,-12.04%,$8.32B,$-0.98B,-11.73%,$-0.98B,$0.48B,-85.56%,$-0.98B,$0.30B,-255.16%,$-0.98B,$3.97B,-21.50%,$-0.93B,$1.27B,-46.98%,$1307,$239,$1068,$0,$1106,$1500,$-193,$-15,$-208,$-114,$-94,$-94,$-245,$-119,$-193,$0,0,$-31712.12,$-31636.36,$325,$25,$0,$1461,$2201,$0,$185,$120,$2506,$3966,$1743,$787,$342,$1742,$3485,$1,$-555,$-173,$481,$3966,$-976,$269,$750,$1018,$237,$0,$-54,$-5,$178,$220,$-35,$0,$0,$0,$-46,$-46,$-6,$-87,$179,$-33,$146,$0,$0,$0,$-11,$134,$267,$10,$0
40,2008-09-30,87450.0,$115471.10,0.76,$1235559.09,0.07,$39162.45,2.23,$-95075.76,0.0,$1.42B,$1.31B,1.08,$1.04B,$0.90B,1.15,$9.36B,$6.18B,66.04%,$9.36B,$-1.52B,-16.25%,$9.36B,$-1.52B,-16.25%,$9.36B,$-1.25B,-13.37%,$9.36B,$-1.60B,-17.09%,$9.36B,$-1.47B,-15.69%,$-1.47B,$0.90B,-103.20%,$-1.47B,$0.51B,-364.74%,$-1.47B,$4.16B,-30.52%,$-1.52B,$1.94B,-66.85%,$2380,$843,$1537,$0,$1315,$3137,$-757,$-20,$-777,$-56,$-721,$-721,$-721,$-689,$-757,$0,0,$-95303.03,$-95303.03,$103,$0,$0,$1417,$2235,$0,$395,$113,$2743,$4160,$1308,$1038,$348,$1948,$3256,$62,$-259,$22,$903,$4160,$-731,$195,$681,$876,$-21,$0,$-46,$86,$19,$163,$-26,$0,$0,$0,$-34,$-34,$-4,$-64,$-5,$-38,$-43,$0,$0,$0,$-11,$-54,$44,$8,$0
41,2008-06-30,108750.0,$212533.60,0.51,$1241553.09,0.09,$11096.50,9.8,$-94545.45,0.0,$1.41B,$1.65B,0.85,$0.72B,$1.61B,0.45,$9.44B,$6.35B,67.31%,$9.44B,$-0.68B,-7.16%,$9.44B,$-0.68B,-7.16%,$9.44B,$-0.41B,-4.38%,$9.44B,$-0.76B,-8.04%,$9.44B,$-0.71B,-7.49%,$-0.71B,$1.61B,-39.92%,$-0.71B,$0.38B,-203.02%,$-0.71B,$5.02B,-13.28%,$-0.68B,$2.33B,-25.74%,$2399,$821,$1578,$0,$1332,$2327,$71,$-17,$54,$18,$36,$36,$36,$135,$71,$0,0,$4772.73,$4696.97,$61,$0,$0,$1407,$2315,$0,$1225,$73,$3613,$5019,$1650,$724,$339,$1763,$3412,$62,$462,$10,$1607,$5019,$-11,$127,$-14,$113,$-42,$0,$-14,$64,$9,$111,$-66,$0,$0,$0,$0,$0,$-4,$-70,$6,$-40,$-34,$0,$0,$0,$-3,$-37,$3,$6,$0
42,2008-03-31,95925.0,$208602.30,0.46,$1252952.70,0.08,$-1321.52,0.0,$-92045.45,0.0,$1.36B,$1.57B,0.87,$0.82B,$1.57B,0.52,$9.53B,$6.52B,68.43%,$9.53B,$-0.64B,-6.71%,$9.53B,$-0.64B,-6.71%,$9.53B,$-0.38B,-3.98%,$9.53B,$-0.73B,-7.64%,$9.53B,$-0.69B,-7.22%,$-0.69B,$1.57B,-35.49%,$-0.69B,$0.34B,-215.34%,$-0.69B,$5.01B,-12.34%,$-0.64B,$2.40B,-22.51%,$2233,$741,$1492,$0,$1353,$2286,$-53,$-17,$-71,$-24,$-46,$-46,$-46,$10,$-53,$0,0,$-6212.12,$-6212.12,$60,$0,$0,$1362,$2349,$0,$1229,$71,$3649,$5011,$1572,$823,$334,$1867,$3439,$62,$425,$11,$1572,$5011,$-46,$63,$4,$67,$18,$0,$-1,$55,$72,$93,$-33,$0,$0,$0,$0,$0,$-2,$-34,$3,$-60,$-57,$0,$0,$0,$0,$-57,$2,$3,$0
43,2007-12-31,124950.0,$215376.30,0.58,$1257655.85,0.1,$-9699.66,0.0,$-85757.58,0.0,$1.38B,$1.60B,0.86,$0.82B,$1.61B,0.51,$9.62B,$6.66B,69.24%,$9.62B,$-0.57B,-5.88%,$9.62B,$-0.57B,-5.88%,$9.62B,$-0.31B,-3.22%,$9.62B,$-0.66B,-6.81%,$9.62B,$-0.64B,-6.66%,$-0.64B,$1.61B,-30.57%,$-0.64B,$0.38B,-228.32%,$-0.64B,$5.06B,-10.98%,$-0.57B,$2.43B,-18.52%,$2349,$773,$1575,$0,$1422,$3130,$-782,$-24,$-806,$-68,$-738,$-738,$-738,$-708,$-782,$0,0,$-97651.52,$-97500.00,$58,$29,$0,$1378,$2380,$0,$1234,$71,$3685,$5063,$1596,$822,$331,$1855,$3450,$62,$471,$12,$1612,$5063,$-640,$256,$795,$1050,$107,$0,$-9,$-116,$-17,$393,$-338,$0,$0,$0,$-2,$-2,$-1,$-341,$5,$-45,$-40,$-28,$-28,$0,$-1,$-70,$-18,$15,$0
44,2007-09-30,199800.0,$306741.40,0.65,$1257174.16,0.16,$12889.04,15.5,$18712.12,10.68,$1.75B,$1.67B,1.04,$1.05B,$2.29B,0.46,$9.68B,$6.78B,69.98%,$9.68B,$0.32B,3.35%,$9.68B,$0.32B,3.35%,$9.68B,$0.57B,5.87%,$9.68B,$0.23B,2.42%,$9.68B,$0.14B,1.48%,$0.14B,$2.29B,6.38%,$0.14B,$0.29B,62.17%,$0.14B,$6.20B,2.37%,$0.32B,$3.35B,9.94%,$2458,$750,$1708,$0,$1447,$2370,$88,$-24,$64,$23,$41,$41,$41,$150,$88,$0,0,$5378.79,$5303.03,$205,$0,$0,$1745,$2386,$0,$2003,$71,$4460,$6204,$1672,$1052,$330,$2239,$3911,$61,$1207,$-36,$2293,$6204,$97,$182,$6,$188,$-71,$0,$-7,$-2,$-79,$206,$-282,$0,$0,$0,$0,$0,$-1,$-283,$151,$85,$236,$-28,$-28,$0,$-1,$206,$129,$0,$0
45,2007-06-30,269100.0,$299104.80,0.9,$1271895.71,0.21,$24684.93,10.9,$25833.33,10.42,$1.57B,$1.64B,0.96,$0.90B,$2.28B,0.4,$9.79B,$6.90B,70.46%,$9.79B,$0.41B,4.23%,$9.79B,$0.41B,4.23%,$9.79B,$0.66B,6.74%,$9.79B,$0.33B,3.32%,$9.79B,$0.20B,2.02%,$0.20B,$2.28B,8.95%,$0.20B,$0.27B,104.62%,$0.20B,$6.02B,3.30%,$0.41B,$3.18B,12.81%,$2487,$743,$1744,$0,$1465,$2378,$108,$-24,$85,$29,$55,$55,$55,$169,$108,$0,0,$7272.73,$7196.97,$57,$0,$0,$1565,$2374,$0,$2009,$68,$4452,$6017,$1635,$904,$352,$2105,$3740,$61,$1166,$-43,$2277,$6017,$57,$119,$4,$123,$-33,$0,$8,$7,$-17,$163,$-214,$0,$0,$0,$0,$0,$-0,$-214,$0,$25,$25,$6,$6,$0,$0,$31,$-20,$0,$0
46,2007-03-31,294075.0,$290576.80,1.01,$1282191.04,0.23,$22447.61,13.1,$30606.06,9.61,$1.64B,$1.45B,1.13,$1.06B,$2.21B,0.48,$9.87B,$6.97B,70.64%,$9.87B,$0.48B,4.84%,$9.87B,$0.48B,4.84%,$9.87B,$0.74B,7.47%,$9.87B,$0.39B,3.95%,$9.87B,$0.24B,2.38%,$0.24B,$2.21B,10.86%,$0.24B,$0.19B,180.42%,$0.24B,$6.07B,3.92%,$0.48B,$3.27B,14.76%,$2328,$694,$1635,$0,$1422,$2308,$20,$-18,$2,$1,$1,$1,$1,$79,$20,$0,0,$151.52,$151.52,$107,$0,$0,$1642,$2337,$0,$2017,$72,$4427,$6069,$1453,$1059,$380,$2410,$3863,$61,$1111,$-53,$2206,$6069,$1,$59,$6,$65,$-42,$0,$4,$95,$57,$123,$-126,$0,$0,$0,$0,$0,$-0,$-126,$3,$25,$28,$6,$6,$0,$0,$34,$31,$0,$0
47,2006-12-31,275925.0,$290403.70,0.95,$1284188.58,0.21,$8869.64,31.11,$35833.33,7.7,$1.49B,$1.36B,1.1,$1.06B,$2.19B,0.48,$9.92B,$7.01B,70.67%,$9.92B,$0.55B,5.50%,$9.92B,$0.55B,5.50%,$9.92B,$0.82B,8.27%,$9.92B,$0.46B,4.60%,$9.92B,$0.28B,2.78%,$0.28B,$2.19B,13.08%,$0.28B,$0.18B,295.19%,$0.28B,$5.85B,4.66%,$0.55B,$3.25B,17.06%,$2408,$720,$1688,$0,$1395,$2300,$108,$-25,$83,$36,$46,$46,$46,$170,$108,$0,0,$6136.36,$6136.36,$76,$27,$0,$1491,$2270,$0,$2018,$73,$4361,$5852,$1360,$1058,$382,$2299,$3659,$61,$1115,$-55,$2193,$5852,$277,$274,$165,$439,$-26,$0,$-10,$-148,$-184,$532,$-303,$0,$-26,$0,$0,$0,$-0,$-329,$-45,$-150,$-195,$-14,$-14,$0,$0,$-209,$-6,$0,$0
