,Date,Stock Price,Book Value per Share,Price to Book Ratio,TTM Sales per Share,Price to Sales Ratio,TTM FCF per Share,Price to FCF Ratio,TTM Net EPS,PE Ratio,Current Assets,Current Liabilities,Current Ratio,Long Term Debt,Shareholder's Equity_x,Debt to Equity Ratio,TTM Revenue_x,TTM Gross Profit,Gross Margin,TTM Revenue_y,TTM Operating Income,Operating Margin,TTM Revenue_x,TTM EBIT,EBIT Margin,TTM Revenue_y,TTM EBITDA,EBITDA Margin,TTM Revenue_x,TTM Pre-Tax Income,Pre-Tax Margin,TTM Revenue_y,TTM Net Income_x,Net Margin,TTM Net Income_y,Shareholder's Equity_y,Return on Equity,TTM Net Income_x,Tangible Equity,Return on Tangible Equity,TTM Net Income_y,Total Assets,Return on Assets,TTM Net Income,LT Investments & Debt,Return on Investment,revenue,cost-goods-sold,gross-profit,research-development-expenses,selling-general-administrative-expenses,operating-expenses,operating-income,total-non-operating-income-expense,pre-tax-income,total-provision-income-taxes,income-after-taxes,income-from-continuous-operations,net-income,ebitda,ebit,basic-shares-outstanding,shares-outstanding,eps-basic-net-earnings-per-share,eps-earnings-per-share-diluted,cash-on-hand,inventory,other-current-assets,total-current-assets,net-property-plant-equipment,long-term-investments,goodwill-intangible-assets-total,other-long-term-assets,total-long-term-assets,total-assets,total-current-liabilities,long-term-debt,other-non-current-liabilities,total-long-term-liabilities,total-liabilities,common-stock-net,retained-earnings-accumulated-deficit,comprehensive-income,total-share-holder-equity,total-liabilities-share-holders-equity,net-income-loss,total-depreciation-amortization-cash-flow,other-non-cash-items,total-non-cash-items,change-in-accounts-receivable,change-in-inventories,change-in-accounts-payable,change-in-assets-liabilities,total-change-in-assets-liabilities,cash-flow-from-operating-activities,net-change-in-property-plant-equipment,net-change-in-intangible-assets,net-acquisitions-divestitures,net-change-in-short-term-investments,net-change-in-long-term-investments,net-change-in-investments-total,investing-activities-other,cash-flow-from-investing-activities,net-long-term-debt,net-current-debt,debt-issuance-retirement-net-total,net-common-equity-issued-repurchased,net-total-equity-issued-repurchased,total-common-preferred-stock-dividends-paid,financial-activities-other,cash-flow-from-financial-activities,net-cash-flow,stock-based-compensation,common-stock-dividends-paid
0,2018-09-30,18.4,$0.00,0.0,$15.36,1.2,$1.29,14.31,$2.33,7.9,$0.57B,$0.18B,3.16,$0.00B,$0.70B,0.0,$0.95B,$0.86B,90.20%,$0.95B,$0.23B,24.24%,$0.95B,$0.23B,24.24%,$0.95B,$0.23B,24.24%,$0.95B,$0.21B,22.44%,$0.95B,$0.17B,18.12%,$0.17B,$0.70B,26.31%,$0.17B,$0.70B,26.31%,$0.17B,$1.06B,13.73%,$0.23B,$0.70B,35.18%,$163,$23,$141,$0,$90,$113,$51,$-24,$27,$5,$22,$22,$22,$51,$51,$62,62,$0.36,$0.35,$180,$0,$0,$565,$14,$121,$0,$328,$497,$1062,$179,$0,$106,$188,$367,$0,$508,$3,$695,$1062,$0,$0,$0,$0,$0,$0,$0,$0,$0,$-20,$0,$0,$0,$0,$0,$0,$0,$-12,$0,$0,$0,$0,$0,$0,$0,$-15,$-45,$0,$0
1,2018-06-30,21.22,$0.00,0.0,$16.43,1.29,$5.12,4.15,$3.07,6.91,$0.64B,$0.21B,3.05,$0.00B,$0.69B,0.0,$1.01B,$0.93B,91.22%,$1.01B,$0.24B,23.27%,$1.01B,$0.24B,23.27%,$1.01B,$0.24B,23.27%,$1.01B,$0.24B,24.06%,$1.01B,$0.20B,19.33%,$0.20B,$0.69B,34.16%,$0.20B,$0.69B,34.16%,$0.20B,$1.23B,15.68%,$0.24B,$0.69B,41.13%,$230,$22,$207,$0,$171,$193,$37,$0,$37,$6,$31,$31,$31,$37,$37,$61,62,$0.51,$0.50,$186,$0,$0,$641,$15,$127,$0,$386,$593,$1234,$210,$0,$232,$332,$542,$0,$513,$1,$692,$1234,$0,$0,$0,$0,$0,$0,$0,$0,$0,$-258,$0,$0,$0,$0,$0,$0,$0,$-132,$0,$0,$0,$0,$0,$0,$0,$23,$-368,$0,$0
2,2018-03-31,39.91,$0.00,0.0,$15.61,2.56,$11.96,3.34,$3.23,12.36,$0.81B,$0.22B,3.75,$0.00B,$0.77B,0.0,$0.96B,$0.88B,91.66%,$0.96B,$0.25B,26.49%,$0.96B,$0.25B,26.49%,$0.96B,$0.25B,26.49%,$0.96B,$0.27B,27.74%,$0.96B,$0.21B,21.38%,$0.21B,$0.77B,40.82%,$0.21B,$0.77B,40.82%,$0.21B,$1.56B,17.63%,$0.25B,$0.77B,50.57%,$254,$23,$231,$0,$179,$201,$53,$5,$58,$13,$44,$44,$44,$53,$53,$61,62,$0.73,$0.72,$460,$0,$0,$814,$13,$160,$0,$454,$746,$1560,$217,$0,$453,$571,$788,$0,$589,$-0,$772,$1560,$0,$0,$0,$0,$0,$0,$0,$0,$0,$-54,$0,$0,$0,$0,$0,$0,$0,$-61,$0,$0,$0,$0,$0,$0,$0,$-7,$-124,$0,$0
3,2017-12-31,43.62,$7.52,5.8,$13.99,3.12,$12.83,3.4,$3.35,13.02,$0.87B,$0.23B,3.72,$0.00B,$0.46B,0.0,$0.85B,$0.79B,92.38%,$0.85B,$0.26B,30.25%,$0.85B,$0.26B,30.25%,$0.85B,$0.26B,30.25%,$0.85B,$0.27B,31.54%,$0.85B,$0.21B,24.85%,$0.21B,$0.46B,68.55%,$0.21B,$0.46B,68.55%,$0.21B,$1.16B,27.44%,$0.26B,$0.46B,83.43%,$302,$24,$277,$0,$189,$213,$89,$2,$91,$17,$75,$75,$75,$89,$89,$60,61,$1.23,$1.21,$563,$0,$0,$870,$13,$150,$0,$0,$285,$1156,$234,$0,$429,$465,$699,$0,$282,$2,$456,$1156,$211,$4,$-34,$-30,$0,$0,$0,$237,$237,$418,$-11,$0,$0,$43,$0,$43,$-90,$-58,$0,$0,$0,$0,$0,$-93,$-38,$-131,$227,$13,$-93
4,2017-09-30,41.61,$0.00,0.0,$11.40,3.65,$11.23,3.71,$3.15,13.21,$0.76B,$0.29B,2.67,$0.00B,$0.38B,0.0,$0.69B,$0.65B,93.62%,$0.69B,$0.22B,32.46%,$0.69B,$0.22B,32.46%,$0.69B,$0.22B,32.46%,$0.69B,$0.23B,33.62%,$0.69B,$0.19B,27.10%,$0.19B,$0.38B,68.69%,$0.19B,$0.38B,68.69%,$0.19B,$1.05B,28.52%,$0.22B,$0.38B,82.28%,$228,$18,$210,$0,$153,$171,$57,$2,$58,$13,$46,$46,$46,$57,$57,$61,62,$0.75,$0.74,$474,$0,$0,$759,$12,$175,$0,$0,$291,$1050,$285,$0,$360,$390,$674,$0,$210,$1,$375,$1050,$0,$0,$0,$0,$0,$0,$0,$0,$0,$217,$0,$0,$0,$0,$0,$0,$0,$-27,$0,$0,$0,$0,$0,$0,$0,$-40,$145,$0,$0
5,2017-06-30,23.97,$0.00,0.0,$9.89,2.42,$9.67,2.48,$3.26,7.35,$0.52B,$0.15B,3.38,$0.00B,$0.41B,0.0,$0.59B,$0.56B,94.10%,$0.59B,$0.20B,33.22%,$0.59B,$0.20B,33.22%,$0.59B,$0.20B,33.22%,$0.59B,$0.21B,34.74%,$0.59B,$0.19B,32.55%,$0.19B,$0.41B,79.18%,$0.19B,$0.41B,79.18%,$0.19B,$0.88B,35.46%,$0.20B,$0.41B,80.82%,$175,$14,$161,$0,$106,$119,$55,$4,$59,$19,$40,$40,$40,$55,$55,$60,60,$0.66,$0.66,$385,$0,$0,$519,$9,$273,$0,$0,$365,$884,$154,$0,$289,$324,$477,$0,$263,$3,$406,$884,$0,$0,$0,$0,$0,$0,$0,$0,$0,$162,$0,$0,$0,$0,$0,$0,$0,$-77,$0,$0,$0,$0,$0,$0,$0,$-21,$62,$0,$0
6,2017-03-31,24.06,$0.00,0.0,$8.89,2.71,$8.33,2.89,$3.27,7.36,$0.00B,$0.00B,0.0,$0.00B,$0.00B,0.0,$0.53B,$0.50B,94.89%,$0.53B,$0.18B,34.47%,$0.53B,$0.18B,34.47%,$0.53B,$0.18B,34.47%,$0.53B,$0.19B,35.61%,$0.53B,$0.19B,36.36%,$0.19B,$0.00B,98.84%,$0.19B,$0.00B,98.84%,$0.19B,$0.00B,43.86%,$0.18B,$0.00B,93.69%,$148,$9,$140,$0,$83,$91,$57,$4,$61,$10,$51,$51,$51,$57,$57,$60,60,$0.85,$0.84,$0,$0,$0,$0,$0,$0,$0,$0,$0,$0,$0,$0,$0,$0,$0,$0,$0,$0,$0,$0,$0,$0,$0,$0,$0,$0,$0,$0,$0,$0,$0,$0,$0,$0,$0,$0,$0,$0,$0,$0,$0,$0,$0,$0,$0,$0,$0,$0,$0
7,2016-12-31,19.87,$5.16,3.85,$6.83,2.91,$8.33,2.38,$2.77,7.17,$0.44B,$0.15B,3.03,$0.00B,$0.31B,0.0,$0.47B,$0.44B,94.62%,$0.47B,$0.16B,33.55%,$0.47B,$0.16B,33.55%,$0.47B,$0.16B,33.55%,$0.47B,$0.16B,34.19%,$0.47B,$0.16B,34.62%,$0.16B,$0.31B,82.88%,$0.16B,$0.31B,82.88%,$0.16B,$0.69B,36.78%,$0.16B,$0.31B,80.31%,$139,$5,$135,$0,$80,$84,$55,$-1,$54,$4,$50,$50,$50,$55,$55,$59,59,$0.84,$0.84,$315,$0,$0,$440,$5,$181,$0,$0,$249,$689,$145,$0,$212,$236,$381,$0,$170,$4,$308,$689,$161,$2,$-32,$-30,$0,$0,$0,$174,$174,$304,$-4,$0,$0,$-177,$0,$-177,$-24,$-205,$0,$0,$0,$0,$0,$0,$19,$19,$123,$2,$0
8,2016-09-30,22.7,$0.00,0.0,$5.87,3.86,$4.41,5.15,$2.11,10.76,$0.37B,$0.05B,6.89,$0.00B,$0.00B,0.0,$0.40B,$0.38B,94.71%,$0.40B,$0.17B,43.32%,$0.40B,$0.17B,43.32%,$0.40B,$0.17B,43.32%,$0.40B,$0.18B,44.33%,$0.40B,$0.12B,31.23%,$0.12B,$0.26B,80.00%,$0.12B,$0.26B,80.00%,$0.12B,$0.60B,35.43%,$0.17B,$0.26B,110.97%,$131,$9,$122,$0,$92,$101,$30,$2,$32,$-20,$52,$52,$52,$30,$30,$60,60,$0.86,$0.85,$312,$0,$0,$367,$0,$71,$0,$167,$237,$604,$53,$0,$290,$290,$343,$0,$0,$0,$261,$604,$0,$0,$0,$0,$0,$0,$0,$0,$0,$118,$0,$0,$0,$0,$0,$0,$0,$-92,$0,$0,$0,$0,$0,$0,$0,$11,$39,$0,$0
