,Date,Stock Price,Book Value per Share,Price to Book Ratio,TTM Sales per Share,Price to Sales Ratio,TTM FCF per Share,Price to FCF Ratio,TTM Net EPS,PE Ratio,Current Assets,Current Liabilities,Current Ratio,Long Term Debt,Shareholder's Equity_x,Debt to Equity Ratio,TTM Revenue_x,TTM Gross Profit,Gross Margin,TTM Revenue_y,TTM Operating Income,Operating Margin,TTM Revenue_x,TTM EBIT,EBIT Margin,TTM Revenue_y,TTM EBITDA,EBITDA Margin,TTM Revenue_x,TTM Pre-Tax Income,Pre-Tax Margin,TTM Revenue_y,TTM Net Income_x,Net Margin,TTM Net Income_y,Shareholder's Equity_y,Return on Equity,TTM Net Income_x,Tangible Equity,Return on Tangible Equity,TTM Net Income_y,Total Assets,Return on Assets,TTM Net Income,LT Investments & Debt,Return on Investment,revenue,cost-goods-sold,gross-profit,research-development-expenses,selling-general-administrative-expenses,operating-expenses,operating-income,total-non-operating-income-expense,pre-tax-income,total-provision-income-taxes,income-after-taxes,income-from-continuous-operations,net-income,ebitda,ebit,basic-shares-outstanding,shares-outstanding,eps-basic-net-earnings-per-share,eps-earnings-per-share-diluted,cash-on-hand,inventory,other-current-assets,total-current-assets,net-property-plant-equipment,long-term-investments,goodwill-intangible-assets-total,other-long-term-assets,total-long-term-assets,total-assets,total-current-liabilities,long-term-debt,other-non-current-liabilities,total-long-term-liabilities,total-liabilities,common-stock-net,retained-earnings-accumulated-deficit,comprehensive-income,total-share-holder-equity,total-liabilities-share-holders-equity,net-income-loss,total-depreciation-amortization-cash-flow,other-non-cash-items,total-non-cash-items,change-in-accounts-receivable,change-in-inventories,change-in-accounts-payable,change-in-assets-liabilities,total-change-in-assets-liabilities,cash-flow-from-operating-activities,net-change-in-property-plant-equipment,net-change-in-intangible-assets,net-acquisitions-divestitures,net-change-in-short-term-investments,net-change-in-long-term-investments,net-change-in-investments-total,investing-activities-other,cash-flow-from-investing-activities,net-long-term-debt,net-current-debt,debt-issuance-retirement-net-total,net-common-equity-issued-repurchased,net-total-equity-issued-repurchased,total-common-preferred-stock-dividends-paid,financial-activities-other,cash-flow-from-financial-activities,net-cash-flow,stock-based-compensation,common-stock-dividends-paid
0,2018-09-30,90.91,$-23.83,-3.82,$16.89,5.38,$5.33,17.06,$4.90,18.55,$1.17B,$1.19B,0.98,$9.41B,$-7.46B,-1.26,$5.71B,$4.66B,81.60%,$5.71B,$2.77B,48.54%,$5.71B,$2.77B,48.54%,$5.71B,$2.93B,51.36%,$5.71B,$2.49B,43.67%,$5.71B,$1.64B,28.81%,$1.64B,$-7.46B,-23.66%,$1.64B,$-8.03B,-21.78%,$1.64B,$4.16B,35.30%,$2.77B,$1.95B,110.01%,$1391,$399,$992,$0,$492,$838,$553,$-19,$534,$80,$454,$454,$454,$585,$553,$318,325,$1.43,$1.40,$198,$0,$0,$1169,$1378,$0,$573,$886,$2986,$4155,$1194,$9405,$1014,$10419,$11613,$0,$-7141,$-317,$-7458,$4155,$1208,$103,$-362,$-259,$-35,$0,$0,$10,$-153,$796,$-147,$0,$445,$0,$-200,$-200,$-9,$89,$-356,$273,$-83,$-1684,$-1684,$-349,$-45,$-2161,$-1331,$36,$-349
1,2018-06-30,77.89,$-22.72,-3.43,$16.68,4.67,$4.72,16.5,$4.68,16.64,$1.20B,$0.92B,1.3,$9.61B,$-7.25B,-1.33,$5.75B,$4.38B,76.22%,$5.75B,$2.86B,49.72%,$5.75B,$2.86B,49.72%,$5.75B,$3.05B,53.01%,$5.75B,$2.48B,43.15%,$5.75B,$1.61B,27.96%,$1.61B,$-7.25B,-24.31%,$1.61B,$-7.84B,-22.23%,$1.61B,$4.33B,32.28%,$2.86B,$2.37B,99.63%,$1368,$421,$947,$0,$482,$919,$449,$-92,$357,$36,$321,$321,$321,$483,$449,$324,331,$0.99,$0.97,$313,$0,$0,$1203,$1533,$0,$592,$787,$3123,$4326,$924,$9612,$1037,$10649,$11573,$0,$-6965,$-282,$-7247,$4326,$754,$71,$-258,$-187,$-15,$0,$0,$4,$-186,$381,$-85,$0,$252,$0,$-200,$-200,$-9,$-42,$-343,$210,$-133,$-1168,$-1168,$-236,$-42,$-1579,$-1259,$27,$-236
2,2018-03-31,84.4,$-20.65,-4.09,$16.59,5.09,$4.63,18.22,$4.29,19.67,$1.89B,$1.11B,1.7,$9.42B,$-6.75B,-1.4,$5.83B,$4.14B,70.94%,$5.83B,$2.83B,48.53%,$5.83B,$2.83B,48.53%,$5.83B,$3.05B,52.30%,$5.83B,$2.44B,41.77%,$5.83B,$1.49B,25.60%,$1.49B,$-6.75B,-23.59%,$1.49B,$-7.37B,-21.42%,$1.49B,$4.84B,28.17%,$2.83B,$2.67B,90.63%,$1371,$438,$933,$0,$491,$818,$553,$-44,$509,$76,$433,$433,$433,$590,$553,$332,340,$1.30,$1.27,$982,$0,$0,$1889,$1651,$0,$619,$490,$2947,$4836,$1109,$9419,$1062,$10481,$11590,$0,$-6539,$-215,$-6754,$4836,$433,$37,$-177,$-140,$4,$0,$0,$-22,$-104,$189,$-42,$0,$205,$0,$0,$0,$1,$164,$-332,$5,$-327,$-498,$-498,$-120,$-31,$-976,$-585,$17,$-120
3,2017-12-31,80.54,$-19.08,-4.22,$16.45,4.9,$4.78,16.84,$3.79,21.25,$2.51B,$1.51B,1.66,$9.43B,$-6.33B,-1.49,$5.88B,$3.86B,65.72%,$5.88B,$2.76B,46.97%,$5.88B,$2.76B,46.97%,$5.88B,$3.01B,51.28%,$5.88B,$2.27B,38.69%,$5.88B,$1.34B,22.80%,$1.34B,$-6.33B,-22.00%,$1.34B,$-6.96B,-19.85%,$1.34B,$5.31B,24.92%,$2.76B,$3.10B,86.77%,$1577,$-208,$1785,$0,$1239,$362,$1215,$-123,$1092,$656,$436,$436,$436,$1273,$1215,$347,355,$1.28,$1.24,$1522,$0,$201,$2507,$1697,$0,$622,$346,$2804,$5311,$1512,$9429,$704,$10133,$11645,$0,$-6063,$-271,$-6334,$5311,$1340,$253,$-306,$-53,$-19,$3,$0,$-13,$-257,$1030,$-318,$0,$1773,$0,$0,$0,$17,$1472,$703,$0,$703,$-1960,$-1960,$-416,$-122,$-1795,$768,$65,$-416
4,2017-09-30,72.37,$-18.06,-4.01,$17.42,4.16,$4.97,14.55,$3.24,22.34,$2.00B,$1.40B,1.43,$9.48B,$-6.12B,-1.55,$6.33B,$3.35B,53.03%,$6.33B,$2.04B,32.17%,$6.33B,$2.04B,32.17%,$6.33B,$2.32B,36.62%,$6.33B,$1.54B,24.27%,$6.33B,$1.17B,18.51%,$1.17B,$-6.12B,-19.81%,$1.17B,$-6.76B,-17.77%,$1.17B,$5.45B,21.63%,$2.04B,$3.36B,62.25%,$1436,$717,$719,$0,$215,$793,$643,$-119,$524,$106,$418,$418,$418,$703,$643,$345,353,$1.21,$1.18,$980,$15,$181,$1999,$1861,$0,$641,$304,$3455,$5454,$1403,$9479,$693,$10172,$11575,$0,$-5817,$-304,$-6121,$5454,$904,$195,$-98,$97,$17,$0,$0,$-7,$-283,$718,$-228,$0,$716,$0,$0,$0,$1,$489,$716,$35,$751,$-1348,$-1348,$-315,$-117,$-1029,$220,$53,$-315
5,2017-06-30,72.23,$-17.69,-4.08,$17.19,4.2,$5.22,13.85,$3.62,19.95,$1.79B,$1.48B,1.21,$9.47B,$-6.10B,-1.55,$6.41B,$3.58B,55.91%,$6.41B,$1.79B,27.94%,$6.41B,$1.79B,27.94%,$6.41B,$2.09B,32.59%,$6.41B,$1.31B,20.48%,$6.41B,$1.39B,21.74%,$1.39B,$-6.10B,-28.78%,$1.39B,$-6.79B,-24.97%,$1.39B,$5.60B,20.92%,$1.79B,$3.37B,42.10%,$1448,$748,$700,$0,$247,$1029,$419,$-108,$311,$105,$206,$206,$206,$484,$419,$350,358,$0.59,$0.58,$970,$31,$161,$1785,$2021,$0,$687,$340,$3811,$5596,$1478,$9474,$746,$10220,$11698,$0,$-5710,$-392,$-6102,$5596,$486,$135,$5,$140,$30,$0,$0,$3,$-187,$439,$-150,$0,$321,$0,$0,$0,$2,$173,$728,$0,$728,$-856,$-856,$-211,$-71,$-410,$225,$43,$-211
6,2017-03-31,62.28,$-16.61,-3.75,$16.78,3.71,$5.37,11.59,$3.85,16.18,$1.28B,$1.56B,0.82,$8.72B,$-5.81B,-1.5,$6.47B,$3.82B,58.98%,$6.47B,$1.79B,27.61%,$6.47B,$1.79B,27.61%,$6.47B,$2.09B,32.36%,$6.47B,$1.37B,21.10%,$6.47B,$1.52B,23.55%,$1.52B,$-5.81B,-44.83%,$1.52B,$-6.50B,-36.33%,$1.52B,$5.15B,20.85%,$1.79B,$2.90B,38.35%,$1417,$758,$659,$0,$237,$933,$484,$-137,$347,$67,$280,$280,$280,$554,$484,$357,364,$0.78,$0.77,$525,$34,$148,$1277,$2084,$0,$689,$357,$3874,$5151,$1558,$8715,$690,$9405,$10963,$0,$-5433,$-379,$-5812,$5151,$280,$70,$-43,$27,$18,$0,$0,$-1,$-19,$288,$-76,$0,$185,$0,$0,$0,$-5,$104,$-8,$0,$-8,$-461,$-461,$-106,$-54,$-629,$-220,$17,$-106
7,2016-12-31,61.44,$-15.82,-3.88,$16.32,3.76,$5.34,11.51,$4.01,15.32,$1.51B,$1.31B,1.15,$9.06B,$-5.62B,-1.61,$6.49B,$4.05B,62.38%,$6.49B,$1.65B,25.42%,$6.49B,$1.65B,25.42%,$6.49B,$1.96B,30.20%,$6.49B,$1.33B,20.42%,$6.49B,$1.61B,24.75%,$1.61B,$-5.62B,-84.96%,$1.61B,$-6.30B,-58.61%,$1.61B,$5.45B,19.91%,$1.65B,$3.44B,35.80%,$2024,$748,$1276,$0,$775,$1535,$489,$-136,$353,$68,$285,$285,$267,$575,$489,$368,374,$0.72,$0.71,$725,$37,$137,$1505,$2113,$0,$687,$376,$3948,$5453,$1306,$9059,$703,$9762,$11068,$0,$-5157,$-458,$-5615,$5453,$1643,$310,$-662,$-352,$-23,$1,$0,$-1,$-43,$1248,$-427,$0,$370,$0,$0,$0,$53,$-4,$6577,$-1285,$5292,$-5403,$-5403,$-744,$111,$-744,$466,$80,$-744
8,2016-09-30,62.83,$-4.87,-12.91,$15.41,4.08,$5.00,12.56,$3.93,15.99,$4.00B,$2.30B,1.74,$9.12B,$-1.83B,-4.98,$6.45B,$3.99B,61.90%,$6.45B,$1.59B,24.68%,$6.45B,$1.59B,24.68%,$6.45B,$1.63B,25.27%,$6.45B,$1.36B,21.16%,$6.45B,$1.62B,25.05%,$1.62B,$-1.83B,-657.84%,$1.62B,$-2.72B,-145.76%,$1.62B,$10.43B,18.51%,$1.59B,$7.29B,33.53%,$1518,$571,$947,$0,$530,$1120,$398,$-97,$301,$83,$218,$218,$640,$475,$398,$388,395,$1.65,$1.62,$2885,$255,$136,$4003,$4010,$64,$893,$562,$6429,$10432,$2299,$9119,$844,$9963,$12262,$0,$-1572,$-324,$-1830,$10432,$1340,$224,$-638,$-414,$31,$6,$0,$19,$10,$936,$-292,$0,$147,$0,$0,$0,$18,$-127,$6590,$-1285,$5305,$-4316,$-4316,$-559,$12,$442,$1243,$42,$-559
9,2016-06-30,57.06,$-0.83,-68.78,$19.28,2.96,$6.02,9.48,$3.32,17.19,$1.88B,$2.28B,0.82,$5.32B,$-0.33B,-16.09,$8.36B,$4.67B,55.85%,$8.36B,$1.80B,21.50%,$8.36B,$1.80B,21.50%,$8.36B,$1.94B,23.17%,$8.36B,$1.63B,19.56%,$8.36B,$1.40B,16.71%,$1.40B,$-0.33B,204.32%,$1.40B,$-1.24B,-711.34%,$1.40B,$8.18B,17.04%,$1.80B,$4.99B,44.28%,$1509,$576,$933,$0,$517,$1094,$415,$-51,$364,$98,$266,$266,$336,$489,$415,$408,415,$0.82,$0.81,$795,$255,$102,$1879,$4096,$46,$913,$528,$6305,$8184,$2279,$5324,$912,$6236,$8515,$0,$-123,$-266,$-331,$8184,$700,$147,$-259,$-112,$34,$4,$0,$15,$-1,$587,$-186,$0,$84,$0,$0,$0,$12,$-90,$6596,$-1285,$5311,$-2067,$-2067,$-379,$-45,$2820,$3316,$22,$-379
10,2016-03-31,56.01,$0.52,108.55,$22.62,2.48,$6.27,8.93,$3.04,18.43,$1.96B,$4.65B,0.42,$2.51B,$0.21B,11.95,$9.95B,$5.19B,52.18%,$9.95B,$1.75B,17.61%,$9.95B,$1.75B,17.61%,$9.95B,$2.01B,20.15%,$9.95B,$1.61B,16.16%,$9.95B,$1.30B,13.01%,$1.30B,$0.21B,110.47%,$1.30B,$-0.70B,468.35%,$1.30B,$8.22B,15.75%,$1.75B,$2.72B,44.67%,$1443,$548,$895,$0,$500,$1094,$349,$-41,$308,$82,$226,$226,$364,$422,$349,$415,421,$0.88,$0.87,$934,$210,$122,$1963,$4111,$36,$909,$500,$6258,$8221,$4648,$2510,$846,$3363,$8011,$2,$454,$-300,$210,$8221,$364,$73,$-148,$-75,$45,$2,$0,$6,$20,$309,$-80,$0,$8,$0,$0,$0,$5,$-67,$-2,$795,$793,$-925,$-925,$-192,$-54,$-378,$-133,$13,$-192
11,2015-12-31,49.66,$2.31,21.52,$25.08,1.98,$6.38,7.79,$2.92,17.01,$1.69B,$3.09B,0.55,$3.01B,$0.97B,3.1,$11.13B,$5.62B,50.45%,$11.13B,$1.91B,17.15%,$11.13B,$1.91B,17.15%,$11.13B,$2.23B,20.02%,$11.13B,$1.77B,15.92%,$11.13B,$1.29B,11.62%,$1.29B,$0.97B,82.86%,$1.29B,$0.23B,200.08%,$1.29B,$8.06B,15.69%,$1.91B,$3.98B,42.77%,$1976,$761,$1215,$0,$725,$1547,$429,$-38,$391,$101,$290,$290,$275,$243,$429,$433,439,$0.64,$0.63,$313,$40,$103,$1687,$2347,$0,$735,$330,$6374,$8061,$3087,$3007,$745,$4005,$7092,$0,$1150,$-239,$969,$8061,$1283,$319,$-396,$-77,$-36,$-4,$0,$-14,$54,$1260,$-442,$0,$213,$0,$0,$0,$30,$-199,$-267,$912,$645,$-1200,$-1200,$-730,$196,$-1089,$-28,$46,$-730
12,2015-09-30,53.99,$4.37,12.34,$29.64,1.82,$6.12,8.82,$2.09,25.83,$1.92B,$2.64B,0.73,$2.65B,$1.89B,1.41,$13.15B,$6.18B,47.01%,$13.15B,$1.44B,10.93%,$13.15B,$1.44B,10.93%,$13.15B,$1.77B,13.45%,$13.15B,$1.30B,9.87%,$13.15B,$0.93B,7.09%,$0.93B,$1.89B,54.21%,$0.93B,$0.92B,126.93%,$0.93B,$8.31B,11.22%,$1.44B,$4.54B,30.97%,$3427,$1804,$1623,$0,$953,$2824,$603,$-32,$571,$145,$426,$426,$421,$782,$603,$436,444,$0.97,$0.95,$861,$230,$112,$1919,$4263,$53,$961,$547,$6387,$8306,$2642,$2651,$1120,$3779,$6421,$8,$2079,$-262,$1885,$8306,$1023,$505,$-39,$466,$-15,$62,$0,$-31,$328,$1817,$-642,$0,$72,$0,$0,$0,$48,$-522,$-10,$-116,$-126,$-370,$-370,$-532,$9,$-1019,$283,$40,$-532
13,2015-06-30,60.55,$3.76,16.1,$29.34,2.06,$5.59,10.83,$2.03,29.83,$1.73B,$2.69B,0.64,$2.83B,$1.63B,1.74,$13.08B,$6.09B,46.59%,$13.08B,$1.38B,10.58%,$13.08B,$1.38B,10.58%,$13.08B,$1.72B,13.14%,$13.08B,$1.25B,9.55%,$13.08B,$0.92B,7.00%,$0.92B,$1.63B,48.41%,$0.92B,$0.65B,119.10%,$0.92B,$8.29B,10.73%,$1.38B,$4.46B,27.81%,$3105,$1646,$1459,$0,$955,$2734,$371,$-33,$338,$102,$236,$236,$235,$558,$371,$437,445,$0.54,$0.53,$636,$279,$84,$1729,$4372,$39,$978,$554,$6565,$8294,$2689,$2831,$1141,$3980,$6669,$0,$1726,$-157,$1625,$8294,$597,$326,$-88,$238,$16,$21,$0,$-33,$112,$947,$-404,$0,$29,$-16,$0,$-16,$39,$-352,$-7,$65,$58,$-276,$-276,$-355,$-3,$-576,$58,$28,$-355
14,2015-03-31,52.64,$4.07,12.93,$29.40,1.79,$5.86,8.98,$2.23,23.6,$1.78B,$2.29B,0.78,$3.12B,$1.76B,1.77,$13.18B,$6.13B,46.51%,$13.18B,$1.49B,11.32%,$13.18B,$1.49B,11.32%,$13.18B,$1.82B,13.80%,$13.18B,$1.36B,10.33%,$13.18B,$1.01B,7.70%,$1.01B,$1.76B,49.10%,$1.01B,$0.78B,124.34%,$1.01B,$8.31B,11.71%,$1.49B,$4.88B,28.60%,$2622,$1304,$1318,$0,$788,$2116,$506,$-34,$472,$111,$361,$361,$362,$645,$506,$438,446,$0.83,$0.81,$675,$276,$103,$1783,$4374,$32,$983,$547,$6522,$8305,$2290,$3121,$1123,$4252,$6542,$0,$1978,$-271,$1763,$8305,$361,$139,$-145,$-6,$3,$21,$0,$-27,$161,$516,$-227,$0,$22,$-24,$0,$-24,$33,$-196,$-3,$53,$50,$-114,$-114,$-178,$-4,$-246,$97,$15,$-178
15,2014-12-31,48.44,$3.70,13.11,$29.50,1.64,$6.08,7.96,$2.29,21.15,$1.55B,$2.41B,0.65,$3.08B,$1.60B,1.92,$13.28B,$6.18B,46.51%,$13.28B,$1.56B,11.73%,$13.28B,$1.56B,11.73%,$13.28B,$1.89B,14.20%,$13.28B,$1.43B,10.75%,$13.28B,$1.05B,7.91%,$1.05B,$1.60B,47.59%,$1.05B,$0.59B,127.28%,$1.05B,$8.33B,12.00%,$1.56B,$4.68B,29.28%,$3997,$2215,$1782,$0,$1297,$4040,$-43,$-40,$-83,$36,$-119,$-119,$-86,$-216,$-43,$441,441,$-0.20,$-0.20,$578,$301,$95,$1553,$4498,$52,$1018,$560,$6781,$8334,$2409,$3077,$1235,$4321,$6730,$0,$1737,$-190,$1604,$8334,$1051,$328,$-29,$299,$-21,$-2,$0,$2,$-133,$1217,$-508,$0,$83,$0,$0,$0,$1,$-424,$-65,$416,$351,$-820,$-820,$-669,$399,$-739,$66,$45,$-669
16,2014-09-30,47.57,$5.88,8.1,$29.56,1.61,$6.86,6.94,$3.19,14.91,$2.07B,$2.11B,0.98,$3.32B,$2.57B,1.29,$13.46B,$6.29B,46.73%,$13.46B,$2.17B,16.13%,$13.46B,$2.17B,16.13%,$13.46B,$2.92B,21.69%,$13.46B,$1.93B,14.32%,$13.46B,$1.46B,10.83%,$1.46B,$2.57B,61.66%,$1.46B,$1.06B,170.58%,$1.46B,$9.18B,16.48%,$2.17B,$5.88B,39.95%,$3354,$1820,$1534,$0,$965,$2804,$550,$-28,$522,$119,$403,$403,$404,$731,$550,$443,452,$0.91,$0.89,$1011,$266,$73,$2070,$4480,$58,$1508,$561,$7107,$9177,$2112,$3315,$1146,$4497,$6609,$7,$2462,$36,$2568,$9177,$1140,$501,$-60,$441,$-25,$24,$0,$-3,$31,$1612,$-655,$0,$66,$-315,$0,$-315,$-16,$-920,$-7,$399,$392,$-489,$-489,$-490,$1,$-586,$112,$36,$-490
17,2014-06-30,53.43,$5.29,10.11,$29.66,1.8,$6.59,8.11,$2.63,20.31,$1.88B,$2.15B,0.87,$3.10B,$2.33B,1.33,$13.57B,$6.35B,46.81%,$13.57B,$1.97B,14.52%,$13.57B,$1.97B,14.52%,$13.57B,$2.71B,19.98%,$13.57B,$1.73B,12.71%,$13.57B,$1.21B,8.89%,$1.21B,$2.33B,52.72%,$1.21B,$0.84B,155.97%,$1.21B,$8.81B,13.81%,$1.97B,$5.42B,37.49%,$3204,$1710,$1494,$0,$972,$2725,$479,$-29,$450,$112,$338,$338,$334,$659,$479,$446,455,$0.75,$0.73,$831,$282,$57,$1882,$4425,$49,$1490,$557,$6928,$8810,$2153,$3095,$1200,$4331,$6484,$0,$2258,$6,$2326,$8810,$737,$320,$-48,$272,$12,$5,$0,$-11,$75,$1084,$-408,$0,$17,$-227,$0,$-227,$4,$-614,$-5,$178,$173,$-284,$-284,$-327,$5,$-433,$24,$25,$-327
18,2014-03-31,49.37,$5.28,9.34,$28.88,1.71,$5.66,8.72,$2.51,19.67,$1.81B,$2.15B,0.84,$2.95B,$2.34B,1.26,$13.27B,$6.19B,46.63%,$13.27B,$1.88B,14.18%,$13.27B,$1.88B,14.18%,$13.27B,$2.61B,19.69%,$13.27B,$1.63B,12.30%,$13.27B,$1.15B,8.69%,$1.15B,$2.34B,50.63%,$1.15B,$0.82B,169.87%,$1.15B,$8.71B,13.22%,$1.88B,$5.28B,36.17%,$2724,$1358,$1366,$0,$764,$2153,$571,$-33,$538,$139,$399,$399,$399,$711,$571,$447,456,$0.89,$0.87,$734,$258,$98,$1809,$4378,$40,$1514,$563,$6896,$8705,$2150,$2949,$1233,$4220,$6370,$0,$2248,$27,$2335,$8705,$399,$140,$-56,$84,$23,$33,$0,$-2,$87,$570,$-172,$0,$2,$0,$0,$0,$2,$-168,$-2,$35,$33,$-113,$-113,$-164,$7,$-237,$161,$12,$-164
19,2013-12-31,49.26,$5.03,9.79,$28.35,1.74,$5.14,9.59,$2.36,20.87,$1.69B,$2.27B,0.75,$2.92B,$2.23B,1.31,$13.08B,$6.08B,46.48%,$13.08B,$1.80B,13.74%,$13.08B,$1.80B,13.74%,$13.08B,$2.52B,19.25%,$13.08B,$1.55B,11.85%,$13.08B,$1.09B,8.34%,$1.09B,$2.23B,47.79%,$1.09B,$0.70B,172.29%,$1.09B,$8.70B,12.42%,$1.80B,$5.15B,34.56%,$4179,$2283,$1896,$0,$1277,$3608,$571,$-153,$418,$103,$315,$315,$321,$819,$571,$448,458,$0.72,$0.70,$573,$294,$96,$1691,$4459,$53,$1527,$566,$7004,$8695,$2265,$2918,$1244,$4201,$6466,$0,$2102,$64,$2229,$8695,$1064,$721,$457,$1178,$-12,$18,$0,$-21,$-103,$2139,$-1049,$0,$161,$0,$0,$0,$2,$-886,$-67,$0,$-67,$-733,$-733,$-615,$-36,$-1451,$-203,$49,$-615
20,2013-09-30,46.25,$5.08,9.11,$28.01,1.65,$5.29,8.75,$2.38,19.43,$1.83B,$1.99B,0.92,$2.92B,$2.26B,1.29,$13.06B,$6.11B,46.77%,$13.06B,$1.73B,13.26%,$13.06B,$1.73B,13.26%,$13.06B,$2.43B,18.59%,$13.06B,$1.60B,12.22%,$13.06B,$1.11B,8.48%,$1.11B,$2.26B,48.36%,$1.11B,$0.73B,187.63%,$1.11B,$8.73B,12.49%,$1.73B,$5.18B,33.23%,$3466,$1869,$1597,$0,$948,$3116,$350,$-31,$319,$182,$137,$137,$152,$523,$350,$451,461,$0.34,$0.33,$753,$300,$80,$1830,$4257,$42,$1526,$567,$6900,$8730,$1989,$2917,$1524,$4481,$6470,$0,$2326,$-132,$2260,$8730,$749,$473,$237,$710,$-4,$19,$0,$-22,$94,$1553,$-699,$0,$120,$1,$0,$1,$-9,$-587,$-5,$2,$-3,$-493,$-493,$-451,$-28,$-975,$-23,$32,$-451
21,2013-06-30,44.72,$5.11,8.75,$28.05,1.59,$5.85,7.65,$3.05,14.66,$1.61B,$1.99B,0.81,$2.92B,$2.29B,1.28,$13.16B,$6.19B,47.00%,$13.16B,$2.05B,15.60%,$13.16B,$2.05B,15.60%,$13.16B,$2.73B,20.77%,$13.16B,$1.92B,14.56%,$13.16B,$1.43B,10.84%,$1.43B,$2.29B,62.07%,$1.43B,$0.46B,259.15%,$1.43B,$8.76B,15.98%,$2.05B,$5.20B,39.17%,$2904,$1574,$1330,$0,$923,$2514,$390,$-32,$358,$82,$276,$276,$281,$560,$390,$454,464,$0.62,$0.61,$500,$319,$81,$1605,$4252,$29,$1827,$571,$7159,$8764,$1990,$2918,$1512,$4489,$6479,$0,$2324,$-101,$2285,$8764,$612,$300,$-13,$287,$4,$1,$0,$-8,$-170,$729,$-472,$0,$66,$2,$0,$2,$-6,$-410,$-4,$55,$51,$-318,$-318,$-301,$-19,$-587,$-276,$21,$-301
22,2013-03-31,46.16,$5.24,8.81,$28.43,1.62,$6.38,7.24,$3.13,14.75,$1.90B,$2.09B,0.91,$2.92B,$2.36B,1.24,$13.43B,$6.31B,46.99%,$13.43B,$2.14B,15.91%,$13.43B,$2.14B,15.91%,$13.43B,$2.80B,20.89%,$13.43B,$1.99B,14.85%,$13.43B,$1.48B,10.99%,$1.48B,$2.36B,64.65%,$1.48B,$0.64B,265.11%,$1.48B,$8.95B,16.35%,$2.14B,$5.28B,40.71%,$2535,$1276,$1259,$0,$763,$2048,$487,$-31,$456,$120,$336,$336,$337,$617,$487,$455,465,$0.74,$0.72,$762,$288,$120,$1898,$4258,$31,$1719,$571,$7047,$8945,$2089,$2924,$1515,$4498,$6587,$0,$2413,$-120,$2358,$8945,$336,$130,$-29,$101,$9,$26,$0,$-8,$-36,$401,$-237,$0,$81,$0,$0,$0,$3,$-153,$-1,$9,$8,$-93,$-93,$-151,$-23,$-259,$-14,$9,$-151
23,2012-12-31,42.39,$5.00,8.49,$28.72,1.48,$6.66,6.37,$3.37,12.58,$1.93B,$2.28B,0.85,$2.93B,$2.25B,1.3,$13.63B,$6.40B,46.95%,$13.63B,$2.29B,16.83%,$13.63B,$2.29B,16.83%,$13.63B,$2.96B,21.70%,$13.63B,$2.15B,15.73%,$13.63B,$1.60B,11.71%,$1.60B,$2.25B,70.56%,$1.60B,$0.53B,305.06%,$1.60B,$9.01B,17.50%,$2.29B,$5.19B,43.72%,$4153,$2232,$1921,$0,$1394,$3648,$505,$-42,$463,$127,$336,$336,$337,$728,$505,$461,473,$0.74,$0.73,$776,$313,$136,$1925,$4250,$72,$1724,$575,$7088,$9013,$2279,$2932,$1490,$4481,$6760,$0,$2286,$-132,$2253,$9013,$1608,$665,$-91,$574,$-18,$9,$0,$-14,$112,$2294,$-1099,$0,$-179,$0,$0,$0,$273,$-1005,$-282,$0,$-282,$-903,$-903,$-544,$13,$-1716,$-422,$50,$-544
24,2012-09-30,42.15,$5.08,8.31,$28.49,1.48,$6.69,6.3,$3.40,12.4,$2.08B,$2.06B,1.01,$3.00B,$2.29B,1.31,$13.59B,$6.36B,46.77%,$13.59B,$2.30B,16.89%,$13.59B,$2.30B,16.89%,$13.59B,$2.95B,21.70%,$13.59B,$2.14B,15.77%,$13.59B,$1.62B,11.89%,$1.62B,$2.29B,74.16%,$1.62B,$0.58B,258.46%,$1.62B,$8.97B,17.79%,$2.30B,$5.30B,44.33%,$3569,$1893,$1676,$0,$982,$2898,$671,$-32,$639,$161,$478,$478,$471,$828,$671,$460,472,$1.02,$1.00,$942,$291,$113,$2079,$4119,$58,$1719,$528,$6895,$8974,$2057,$3003,$1575,$4623,$6680,$0,$2450,$-253,$2294,$8974,$1272,$442,$-30,$412,$7,$27,$0,$-14,$134,$1818,$-678,$0,$-355,$0,$0,$0,$286,$-747,$-280,$12,$-268,$-661,$-661,$-393,$0,$-1322,$-256,$35,$-393
25,2012-06-30,40.74,$4.86,8.38,$27.73,1.47,$6.66,6.12,$3.20,12.73,$2.23B,$2.31B,0.97,$3.00B,$2.23B,1.35,$13.30B,$6.19B,46.59%,$13.30B,$2.11B,15.89%,$13.30B,$2.11B,15.89%,$13.30B,$2.77B,20.80%,$13.30B,$1.96B,14.74%,$13.30B,$1.53B,11.49%,$1.53B,$2.23B,71.86%,$1.53B,$0.48B,200.33%,$1.53B,$9.18B,17.02%,$2.11B,$5.22B,41.34%,$3168,$1716,$1452,$0,$969,$2695,$473,$-38,$435,$102,$333,$333,$331,$631,$473,$465,477,$0.71,$0.69,$984,$305,$104,$2231,$4102,$42,$1743,$512,$6946,$9177,$2313,$2995,$1597,$4637,$6950,$0,$2378,$-243,$2227,$9177,$794,$285,$-128,$157,$16,$14,$0,$-9,$-27,$924,$-406,$0,$-410,$-82,$0,$-82,$302,$-596,$-15,$0,$-15,$-267,$-267,$-262,$5,$-539,$-214,$23,$-262
26,2012-03-31,44.84,$4.95,9.05,$26.91,1.67,$6.80,6.59,$3.16,14.19,$2.43B,$2.39B,1.01,$3.01B,$2.28B,1.32,$12.94B,$6.06B,46.82%,$12.94B,$2.06B,15.91%,$12.94B,$2.06B,15.91%,$12.94B,$2.70B,20.86%,$12.94B,$1.91B,14.75%,$12.94B,$1.51B,11.69%,$1.51B,$2.28B,74.11%,$1.51B,$0.51B,179.27%,$1.51B,$9.34B,17.32%,$2.06B,$5.29B,40.42%,$2743,$1391,$1352,$0,$785,$2098,$645,$-37,$608,$147,$461,$461,$458,$772,$645,$465,478,$0.99,$0.96,$1099,$291,$139,$2425,$4041,$33,$1773,$531,$6918,$9343,$2391,$3006,$1667,$4673,$7064,$5,$2362,$-225,$2279,$9343,$461,$127,$-102,$25,$29,$27,$0,$-15,$-13,$473,$-173,$0,$-438,$-79,$0,$-79,$299,$-391,$-3,$0,$-3,$-62,$-62,$-131,$8,$-188,$-99,$11,$-131
27,2011-12-31,37.0,$4.17,8.88,$26.16,1.41,$6.86,5.39,$2.74,13.5,$2.32B,$2.45B,0.95,$3.00B,$1.92B,1.56,$12.63B,$5.90B,46.76%,$12.63B,$1.82B,14.38%,$12.63B,$1.82B,14.38%,$12.63B,$2.45B,19.42%,$12.63B,$1.66B,13.14%,$12.63B,$1.32B,10.45%,$1.32B,$1.92B,68.11%,$1.32B,$0.94B,144.47%,$1.32B,$8.83B,15.51%,$1.82B,$4.91B,36.54%,$4111,$2235,$1876,$0,$1308,$3604,$507,$-46,$461,$104,$357,$357,$356,$718,$507,$469,481,$0.76,$0.75,$1198,$273,$114,$2321,$4042,$167,$980,$775,$6513,$8834,$2450,$2997,$1471,$4468,$6918,$18,$2052,$-247,$1916,$8834,$1335,$637,$84,$721,$-39,$-75,$0,$-25,$114,$2170,$-940,$0,$165,$0,$0,$0,$-231,$-1006,$-262,$0,$-262,$-693,$-693,$-481,$23,$-1413,$-228,$59,$-481
28,2011-09-30,30.8,$4.52,6.82,$24.94,1.23,$6.72,4.58,$2.55,12.08,$2.35B,$2.27B,1.04,$2.94B,$2.08B,1.41,$12.08B,$5.69B,47.11%,$12.08B,$1.75B,14.47%,$12.08B,$1.75B,14.47%,$12.08B,$2.38B,19.71%,$12.08B,$1.58B,13.12%,$12.08B,$1.24B,10.24%,$1.24B,$2.08B,65.98%,$1.24B,$1.13B,152.20%,$1.24B,$8.55B,14.77%,$1.75B,$5.02B,35.78%,$3274,$1760,$1514,$0,$910,$2786,$488,$-32,$456,$67,$389,$389,$383,$645,$488,$469,481,$0.82,$0.80,$1236,$186,$106,$2351,$3872,$158,$958,$786,$6198,$8549,$2267,$2940,$1259,$4199,$6466,$0,$2082,$-89,$2083,$8549,$978,$426,$141,$567,$-19,$9,$0,$-29,$158,$1703,$-553,$0,$118,$0,$0,$0,$-305,$-740,$-313,$0,$-313,$-532,$-532,$-350,$0,$-1195,$-190,$40,$-350
29,2011-06-30,34.29,$4.06,8.45,$24.05,1.43,$6.45,5.32,$2.49,13.77,$1.84B,$1.71B,1.08,$3.27B,$1.89B,1.73,$11.67B,$5.54B,47.46%,$11.67B,$1.80B,15.47%,$11.67B,$1.80B,15.47%,$11.67B,$2.41B,20.63%,$11.67B,$1.63B,14.01%,$11.67B,$1.21B,10.38%,$1.21B,$1.89B,68.62%,$1.21B,$0.81B,184.25%,$1.21B,$8.21B,14.66%,$1.80B,$5.16B,37.85%,$2816,$1497,$1319,$0,$856,$2397,$419,$-35,$384,$62,$322,$322,$316,$565,$419,$471,484,$0.67,$0.65,$955,$173,$122,$1841,$3907,$143,$1079,$816,$6366,$8207,$1711,$3269,$1339,$4608,$6319,$0,$1907,$-102,$1888,$8207,$589,$269,$58,$327,$9,$20,$0,$-23,$7,$923,$-330,$0,$48,$0,$0,$0,$-297,$-579,$-658,$350,$-308,$-297,$-297,$-234,$-1,$-840,$-471,$26,$-234
30,2011-03-31,31.73,$3.98,7.97,$23.54,1.35,$6.29,5.04,$2.43,13.06,$2.44B,$2.29B,1.07,$2.92B,$1.86B,1.57,$11.42B,$5.44B,47.62%,$11.42B,$1.81B,15.81%,$11.42B,$1.81B,15.81%,$11.42B,$2.40B,21.00%,$11.42B,$1.63B,14.26%,$11.42B,$1.18B,10.34%,$1.18B,$1.86B,73.85%,$1.18B,$0.78B,237.51%,$1.18B,$8.43B,14.77%,$1.81B,$4.78B,40.92%,$2425,$1230,$1195,$0,$716,$2024,$401,$-43,$358,$91,$267,$267,$264,$524,$401,$473,486,$0.56,$0.54,$1529,$156,$117,$2436,$3852,$135,$1077,$507,$5990,$8426,$2288,$2918,$1361,$4279,$6567,$0,$1960,$-177,$1859,$8426,$267,$123,$27,$150,$11,$34,$0,$-25,$91,$508,$-173,$0,$13,$0,$0,$0,$4,$-156,$-4,$0,$-4,$-143,$-143,$-118,$4,$-261,$103,$13,$-118
31,2010-12-31,30.14,$3.56,8.47,$23.38,1.29,$6.10,4.94,$2.39,12.61,$2.31B,$2.45B,0.95,$2.92B,$1.67B,1.75,$11.34B,$5.40B,47.56%,$11.34B,$1.77B,15.60%,$11.34B,$1.77B,15.60%,$11.34B,$2.36B,20.79%,$11.34B,$1.59B,14.05%,$11.34B,$1.16B,10.21%,$1.16B,$1.67B,81.91%,$1.16B,$0.54B,371.15%,$1.16B,$8.32B,15.09%,$1.77B,$4.58B,41.11%,$3562,$1901,$1661,$0,$1156,$3122,$440,$-54,$386,$109,$277,$277,$274,$646,$440,$474,486,$0.56,$0.55,$1426,$189,$112,$2313,$3830,$154,$1134,$519,$6003,$8316,$2448,$2915,$1284,$4199,$6647,$86,$1717,$-227,$1669,$8316,$1178,$589,$55,$644,$-12,$-68,$0,$61,$146,$1968,$-796,$0,$203,$0,$0,$0,$14,$-579,$321,$-8,$313,$-269,$-269,$-412,$31,$-337,$1073,$47,$-412
32,2010-09-30,28.16,$3.51,8.02,$23.02,1.22,$5.01,5.62,$2.28,12.35,$2.18B,$2.30B,0.95,$2.91B,$1.64B,1.77,$11.15B,$5.28B,47.36%,$11.15B,$1.70B,15.29%,$11.15B,$1.70B,15.29%,$11.15B,$2.28B,20.47%,$11.15B,$1.53B,13.70%,$11.15B,$1.10B,9.87%,$1.10B,$1.64B,86.27%,$1.10B,$0.50B,606.90%,$1.10B,$8.09B,14.90%,$1.70B,$4.55B,40.21%,$2862,$1501,$1361,$0,$801,$2318,$544,$-38,$506,$139,$367,$367,$357,$671,$544,$473,484,$0.76,$0.74,$1274,$149,$109,$2175,$3770,$145,$1140,$529,$5913,$8088,$2301,$2905,$1239,$4144,$6445,$112,$1681,$-237,$1643,$8088,$901,$383,$22,$405,$-6,$-30,$0,$15,$191,$1497,$-469,$0,$44,$0,$0,$0,$-10,$-435,$330,$17,$347,$-219,$-219,$-295,$16,$-151,$921,$37,$-295
33,2010-06-30,23.74,$2.63,9.04,$22.84,1.04,$4.22,5.63,$2.23,10.65,$1.46B,$2.21B,0.66,$2.52B,$1.23B,2.05,$11.06B,$5.21B,47.12%,$11.06B,$1.63B,14.74%,$11.06B,$1.63B,14.74%,$11.06B,$2.22B,20.07%,$11.06B,$1.45B,13.10%,$11.06B,$1.08B,9.74%,$1.08B,$1.23B,96.90%,$1.08B,$0.17B,5523.08%,$1.08B,$7.15B,15.09%,$1.63B,$3.74B,39.16%,$2574,$1351,$1223,$0,$786,$2153,$421,$-42,$379,$90,$289,$289,$286,$558,$421,$473,485,$0.61,$0.59,$530,$138,$89,$1464,$3694,$132,$1057,$529,$5681,$7145,$2213,$2518,$1188,$3706,$5919,$87,$1325,$-263,$1226,$7145,$534,$256,$-51,$205,$28,$-19,$0,$2,$94,$833,$-314,$0,$81,$0,$0,$0,$-6,$-239,$-8,$-8,$-16,$-203,$-203,$-197,$4,$-412,$177,$24,$-197
34,2010-03-31,23.2,$2.39,9.7,$22.66,1.02,$3.48,6.66,$2.27,10.22,$1.40B,$1.60B,0.88,$3.22B,$1.12B,2.88,$10.96B,$5.14B,46.90%,$10.96B,$1.60B,14.62%,$10.96B,$1.60B,14.62%,$10.96B,$2.19B,19.93%,$10.96B,$1.42B,12.96%,$10.96B,$1.09B,9.98%,$1.09B,$1.12B,115.86%,$1.09B,$0.04B,-689.13%,$1.09B,$7.14B,15.44%,$1.60B,$4.34B,37.77%,$2345,$1195,$1150,$0,$706,$1981,$364,$-41,$323,$78,$245,$245,$241,$483,$364,$474,485,$0.51,$0.50,$444,$113,$96,$1404,$3766,$124,$1076,$539,$5737,$7141,$1596,$3219,$1209,$4428,$6024,$154,$1138,$-249,$1117,$7141,$245,$119,$11,$130,$-7,$5,$0,$1,$17,$392,$-154,$0,$42,$0,$0,$0,$-4,$-116,$-3,$20,$17,$-115,$-115,$-99,$7,$-190,$91,$13,$-99
35,2009-12-31,21.04,$2.38,8.86,$22.45,0.94,$3.32,6.34,$2.23,9.43,$1.21B,$1.65B,0.73,$3.21B,$1.11B,2.88,$10.84B,$5.06B,46.66%,$10.84B,$1.59B,14.67%,$10.84B,$1.59B,14.67%,$10.84B,$2.17B,20.03%,$10.84B,$1.40B,12.88%,$10.84B,$1.07B,9.88%,$1.07B,$1.11B,151.06%,$1.07B,$0.01B,-296.06%,$1.07B,$7.15B,15.43%,$1.59B,$4.32B,38.95%,$3365,$1820,$1545,$0,$1078,$2990,$375,$-56,$319,$101,$218,$218,$216,$570,$375,$471,483,$0.45,$0.44,$353,$122,$99,$1208,$3899,$144,$1102,$544,$5940,$7148,$1653,$3207,$1174,$4381,$6034,$253,$996,$-224,$1114,$7148,$1083,$580,$-125,$455,$3,$27,$0,$-7,$-134,$1404,$-763,$0,$55,$0,$0,$0,$-19,$-727,$-29,$-303,$-332,$113,$113,$-362,$39,$-542,$137,$56,$-362
36,2009-09-30,20.19,$2.11,9.55,$22.39,0.9,$3.33,6.06,$2.21,9.14,$1.21B,$1.53B,0.79,$3.26B,$0.99B,3.29,$10.86B,$5.05B,46.46%,$10.86B,$1.58B,14.53%,$10.86B,$1.58B,14.53%,$10.86B,$2.13B,19.61%,$10.86B,$1.37B,12.58%,$10.86B,$1.06B,9.75%,$1.06B,$0.99B,260.20%,$1.06B,$-0.14B,-169.92%,$1.06B,$7.12B,15.61%,$1.58B,$4.25B,40.78%,$2778,$1484,$1294,$0,$799,$2308,$470,$-42,$428,$88,$340,$340,$334,$609,$470,$472,485,$0.71,$0.69,$424,$116,$84,$1206,$3844,$98,$1133,$549,$5915,$7121,$1534,$3258,$1340,$4598,$6132,$202,$979,$-279,$989,$7121,$865,$385,$-49,$336,$11,$34,$0,$-26,$-66,$1135,$-489,$0,$-8,$0,$0,$0,$-8,$-505,$-23,$-284,$-307,$91,$91,$-263,$40,$-439,$208,$39,$-263
37,2009-06-30,19.83,$1.20,16.59,$22.49,0.88,$3.27,6.06,$2.10,9.44,$1.07B,$1.55B,0.69,$3.52B,$0.56B,6.31,$10.93B,$5.05B,46.18%,$10.93B,$1.52B,13.90%,$10.93B,$1.52B,13.90%,$10.93B,$2.07B,18.96%,$10.93B,$1.30B,11.92%,$10.93B,$1.01B,9.22%,$1.01B,$0.56B,400.80%,$1.01B,$-0.54B,-136.04%,$1.01B,$6.92B,15.01%,$1.52B,$4.07B,39.99%,$2476,$1323,$1153,$0,$786,$2082,$394,$-43,$351,$45,$306,$306,$303,$523,$394,$470,483,$0.65,$0.63,$284,$134,$90,$1071,$3807,$23,$1101,$582,$5853,$6924,$1552,$3516,$1299,$4815,$6367,$170,$646,$-340,$557,$6924,$525,$246,$-146,$100,$-2,$15,$0,$-18,$-130,$495,$-334,$0,$-15,$0,$0,$0,$-7,$-356,$-144,$112,$-32,$77,$77,$-175,$48,$-82,$68,$26,$-175
38,2009-03-31,16.24,$0.38,42.52,$22.71,0.71,$3.57,4.55,$1.92,8.46,$1.07B,$1.51B,0.71,$3.51B,$0.18B,19.96,$11.11B,$5.11B,46.03%,$11.11B,$1.44B,12.98%,$11.11B,$1.44B,12.98%,$11.11B,$2.00B,17.96%,$11.11B,$1.22B,10.95%,$11.11B,$0.93B,8.35%,$0.93B,$0.18B,360.39%,$0.93B,$-0.77B,-131.26%,$0.93B,$6.57B,13.88%,$1.44B,$3.69B,38.26%,$2217,$1153,$1064,$0,$712,$1866,$351,$-53,$298,$79,$219,$219,$218,$468,$351,$466,479,$0.47,$0.46,$289,$124,$100,$1065,$3670,$32,$947,$558,$5505,$6570,$1505,$3512,$1377,$4889,$6394,$63,$521,$-416,$176,$6570,$219,$117,$1,$118,$18,$19,$0,$-1,$-40,$297,$-142,$0,$16,$0,$0,$0,$-2,$-128,$-2,$-39,$-41,$21,$21,$-87,$8,$-99,$73,$13,$-87
39,2008-12-31,18.49,$-0.20,-90.27,$22.87,0.81,$3.72,4.96,$1.96,9.43,$0.95B,$1.72B,0.55,$3.56B,$-0.09B,-37.92,$11.30B,$5.21B,46.08%,$11.30B,$1.52B,13.42%,$11.30B,$1.52B,13.42%,$11.30B,$2.07B,18.34%,$11.30B,$1.29B,11.42%,$11.30B,$0.96B,8.53%,$0.96B,$-0.09B,312.73%,$0.96B,$-1.03B,-144.64%,$0.96B,$6.53B,14.24%,$1.52B,$3.47B,40.08%,$3390,$1855,$1535,$0,$1132,$3027,$363,$-74,$289,$83,$206,$206,$204,$530,$363,$475,491,$0.44,$0.43,$216,$143,$110,$951,$3710,$65,$940,$561,$5576,$6527,$1722,$3564,$1335,$4899,$6621,$7,$303,$-418,$-94,$6527,$972,$556,$-54,$502,$-6,$-8,$0,$4,$47,$1521,$-863,$0,$231,$0,$0,$0,$-9,$-641,$107,$268,$375,$-1556,$-1556,$-322,$44,$-1459,$-573,$59,$-322
40,2008-09-30,19.0,$0.79,23.99,$22.03,0.86,$4.01,4.74,$1.97,9.65,$1.14B,$1.70B,0.67,$3.60B,$0.37B,9.83,$11.20B,$5.21B,46.53%,$11.20B,$1.48B,13.26%,$11.20B,$1.48B,13.26%,$11.20B,$2.05B,18.34%,$11.20B,$1.28B,11.42%,$11.20B,$0.99B,8.85%,$0.99B,$0.37B,160.75%,$0.99B,$-0.61B,-260.96%,$0.99B,$6.82B,14.29%,$1.48B,$3.96B,37.73%,$2842,$1549,$1293,$0,$880,$2431,$411,$-47,$364,$79,$285,$285,$282,$550,$411,$470,487,$0.60,$0.58,$294,$157,$103,$1138,$3884,$57,$978,$572,$5682,$6820,$1703,$3596,$1155,$4751,$6454,$9,$349,$8,$366,$6820,$766,$389,$6,$395,$-18,$-16,$0,$-27,$-14,$1147,$-525,$0,$133,$0,$0,$0,$-8,$-400,$115,$290,$405,$-1462,$-1462,$-234,$32,$-1259,$-495,$44,$-234
41,2008-06-30,20.34,$1.23,16.6,$20.93,0.97,$4.24,4.79,$1.89,10.76,$1.16B,$1.65B,0.7,$3.37B,$0.58B,5.8,$10.92B,$5.13B,47.03%,$10.92B,$1.47B,13.50%,$10.92B,$1.47B,13.50%,$10.92B,$2.03B,18.62%,$10.92B,$1.28B,11.70%,$10.92B,$0.98B,8.97%,$0.98B,$0.58B,111.19%,$0.98B,$-0.41B,-789.52%,$0.98B,$6.83B,14.23%,$1.47B,$3.96B,38.50%,$2659,$1438,$1221,$0,$891,$2342,$317,$-52,$265,$40,$225,$225,$224,$447,$317,$480,498,$0.47,$0.45,$325,$139,$98,$1156,$3875,$43,$993,$471,$5670,$6826,$1646,$3374,$1224,$4598,$6244,$51,$504,$27,$582,$6826,$481,$250,$6,$256,$6,$-1,$0,$-9,$-111,$626,$-314,$0,$63,$0,$0,$0,$-4,$-255,$-257,$466,$209,$-954,$-954,$-146,$31,$-860,$-464,$29,$-146
42,2008-03-31,21.48,$0.80,26.81,$19.92,1.08,$4.34,4.94,$1.83,11.74,$1.30B,$1.96B,0.66,$3.37B,$0.38B,8.9,$10.63B,$5.04B,47.47%,$10.63B,$1.47B,13.81%,$10.63B,$1.47B,13.81%,$10.63B,$2.02B,18.98%,$10.63B,$1.28B,12.08%,$10.63B,$0.97B,9.12%,$0.97B,$0.38B,88.15%,$0.97B,$-0.61B,1030.85%,$0.97B,$6.91B,14.29%,$1.47B,$3.75B,39.37%,$2413,$1253,$1160,$0,$809,$1987,$426,$-53,$373,$117,$256,$256,$254,$546,$426,$486,504,$0.52,$0.50,$481,$130,$95,$1300,$3807,$33,$988,$477,$5613,$6913,$1960,$3372,$1202,$4574,$6534,$374,$0,$5,$379,$6913,$254,$120,$-1,$119,$-3,$6,$0,$-5,$-6,$367,$-125,$0,$19,$0,$0,$0,$3,$-103,$-4,$457,$453,$-982,$-982,$-75,$9,$-595,$-308,$15,$-75
43,2007-12-31,22.01,$2.28,9.64,$19.17,1.15,$4.33,5.08,$1.68,13.1,$1.48B,$2.06B,0.72,$2.92B,$1.14B,2.57,$10.44B,$4.97B,47.60%,$10.44B,$1.36B,13.00%,$10.44B,$1.36B,13.00%,$10.44B,$1.90B,18.20%,$10.44B,$1.19B,11.41%,$10.44B,$0.91B,8.71%,$0.91B,$1.14B,66.39%,$0.91B,$0.11B,252.32%,$0.91B,$7.19B,13.67%,$1.36B,$4.06B,36.62%,$3281,$1746,$1535,$0,$1183,$2951,$330,$-54,$276,$45,$231,$231,$231,$510,$330,$522,541,$0.45,$0.44,$789,$128,$72,$1481,$3849,$153,$1026,$443,$5707,$7188,$2062,$2924,$1063,$3987,$6049,$0,$1119,$20,$1139,$7188,$909,$542,$-31,$511,$-4,$-31,$0,$-6,$131,$1551,$-670,$0,$241,$0,$0,$0,$13,$-416,$1171,$-340,$831,$-1298,$-1298,$-273,$62,$-678,$470,$61,$-273
44,2007-09-30,19.38,$2.77,6.99,$18.45,1.05,$4.02,4.82,$1.66,11.71,$1.17B,$1.87B,0.62,$2.12B,$1.42B,1.49,$10.17B,$4.85B,47.68%,$10.17B,$1.36B,13.33%,$10.17B,$1.36B,13.33%,$10.17B,$1.88B,18.47%,$10.17B,$1.20B,11.75%,$10.17B,$0.91B,8.95%,$0.91B,$1.42B,62.87%,$0.91B,$0.41B,205.53%,$0.91B,$6.60B,14.12%,$1.36B,$3.55B,38.05%,$2564,$1346,$1218,$0,$825,$2163,$401,$-38,$363,$93,$270,$270,$270,$530,$401,$523,541,$0.52,$0.50,$507,$96,$76,$1165,$3600,$140,$1011,$388,$5433,$6598,$1866,$2124,$1186,$3310,$5176,$0,$1541,$-119,$1422,$6598,$678,$362,$20,$382,$-19,$-1,$0,$4,$105,$1165,$-349,$0,$83,$0,$0,$0,$10,$-256,$-11,$129,$118,$-696,$-696,$-196,$44,$-730,$188,$43,$-196
45,2007-06-30,18.66,$2.80,6.67,$17.81,1.05,$3.81,4.9,$1.57,11.89,$1.10B,$1.70B,0.65,$2.09B,$1.46B,1.43,$9.88B,$4.73B,47.89%,$9.88B,$1.30B,13.14%,$9.88B,$1.30B,13.14%,$9.88B,$1.80B,18.22%,$9.88B,$1.14B,11.55%,$9.88B,$0.87B,8.80%,$0.87B,$1.46B,61.10%,$0.87B,$0.46B,192.90%,$0.87B,$6.43B,13.88%,$1.30B,$3.55B,37.20%,$2367,$1236,$1131,$0,$814,$2057,$310,$-38,$272,$58,$214,$214,$214,$431,$310,$528,547,$0.41,$0.39,$436,$98,$76,$1104,$3552,$118,$996,$395,$5326,$6430,$1695,$2088,$1190,$3278,$4973,$0,$1579,$-122,$1457,$6430,$408,$233,$8,$241,$-16,$-4,$0,$1,$-59,$590,$-192,$0,$65,$0,$0,$0,$11,$-116,$-7,$144,$137,$-414,$-414,$-119,$33,$-363,$117,$29,$-119
46,2007-03-31,16.47,$2.78,5.92,$17.36,0.95,$3.78,4.35,$1.52,10.84,$1.04B,$1.49B,0.7,$2.21B,$1.46B,1.51,$9.70B,$4.67B,48.10%,$9.70B,$1.30B,13.36%,$9.70B,$1.30B,13.36%,$9.70B,$1.79B,18.43%,$9.70B,$1.14B,11.76%,$9.70B,$0.85B,8.74%,$0.85B,$1.46B,60.10%,$0.85B,$0.46B,181.68%,$0.85B,$6.38B,13.84%,$1.30B,$3.67B,37.41%,$2223,$1140,$1083,$0,$776,$1907,$316,$-36,$280,$86,$194,$194,$194,$428,$316,$533,551,$0.36,$0.35,$341,$97,$90,$1041,$3570,$108,$1003,$369,$5338,$6379,$1488,$2208,$1224,$3432,$4920,$0,$1613,$-154,$1459,$6379,$194,$112,$38,$150,$-12,$-4,$0,$-6,$-4,$340,$-81,$0,$34,$0,$0,$0,$5,$-42,$-2,$-28,$-30,$-218,$-218,$-40,$12,$-276,$22,$14,$-40
47,2006-12-31,16.64,$2.74,6.07,$16.97,0.98,$3.72,4.47,$1.47,11.36,$0.90B,$1.72B,0.52,$2.05B,$1.45B,1.41,$9.56B,$4.61B,48.21%,$9.56B,$1.26B,13.20%,$9.56B,$1.26B,13.20%,$9.56B,$1.74B,18.21%,$9.56B,$1.11B,11.59%,$9.56B,$0.82B,8.62%,$0.82B,$1.45B,59.76%,$0.82B,$0.44B,175.88%,$0.82B,$6.37B,13.82%,$1.26B,$3.50B,38.16%,$3016,$1599,$1417,$0,$1079,$2687,$329,$-49,$280,$48,$232,$232,$232,$489,$329,$546,564,$0.42,$0.41,$319,$93,$74,$901,$3631,$138,$1009,$369,$5467,$6368,$1724,$2045,$1147,$3192,$4916,$0,$1608,$-156,$1452,$6368,$824,$479,$28,$507,$24,$-3,$0,$-33,$-74,$1257,$-515,$0,$72,$0,$0,$0,$9,$-434,$89,$163,$252,$-841,$-841,$-144,$63,$-670,$161,$65,$-144
