,Date,Stock Price,Book Value per Share,Price to Book Ratio,TTM Sales per Share,Price to Sales Ratio,TTM FCF per Share,Price to FCF Ratio,TTM Net EPS,PE Ratio,Current Assets,Current Liabilities,Current Ratio,Long Term Debt,Shareholder's Equity_x,Debt to Equity Ratio,TTM Revenue_x,TTM Gross Profit,Gross Margin,TTM Revenue_y,TTM Operating Income,Operating Margin,TTM Revenue_x,TTM EBIT,EBIT Margin,TTM Revenue_y,TTM EBITDA,EBITDA Margin,TTM Revenue_x,TTM Pre-Tax Income,Pre-Tax Margin,TTM Revenue_y,TTM Net Income_x,Net Margin,TTM Net Income_y,Shareholder's Equity_y,Return on Equity,TTM Net Income_x,Tangible Equity,Return on Tangible Equity,TTM Net Income_y,Total Assets,Return on Assets,TTM Net Income,LT Investments & Debt,Return on Investment,revenue,cost-goods-sold,gross-profit,research-development-expenses,selling-general-administrative-expenses,operating-expenses,operating-income,total-non-operating-income-expense,pre-tax-income,total-provision-income-taxes,income-after-taxes,income-from-continuous-operations,net-income,ebitda,ebit,basic-shares-outstanding,shares-outstanding,eps-basic-net-earnings-per-share,eps-earnings-per-share-diluted,cash-on-hand,inventory,other-current-assets,total-current-assets,net-property-plant-equipment,long-term-investments,goodwill-intangible-assets-total,other-long-term-assets,total-long-term-assets,total-assets,total-current-liabilities,long-term-debt,other-non-current-liabilities,total-long-term-liabilities,total-liabilities,common-stock-net,retained-earnings-accumulated-deficit,comprehensive-income,total-share-holder-equity,total-liabilities-share-holders-equity,net-income-loss,total-depreciation-amortization-cash-flow,other-non-cash-items,total-non-cash-items,change-in-accounts-receivable,change-in-inventories,change-in-accounts-payable,change-in-assets-liabilities,total-change-in-assets-liabilities,cash-flow-from-operating-activities,net-change-in-property-plant-equipment,net-change-in-intangible-assets,net-acquisitions-divestitures,net-change-in-short-term-investments,net-change-in-long-term-investments,net-change-in-investments-total,investing-activities-other,cash-flow-from-investing-activities,net-long-term-debt,net-current-debt,debt-issuance-retirement-net-total,net-common-equity-issued-repurchased,net-total-equity-issued-repurchased,total-common-preferred-stock-dividends-paid,financial-activities-other,cash-flow-from-financial-activities,net-cash-flow,stock-based-compensation,common-stock-dividends-paid
0,2018-09-30,14.75,$5.36,2.75,$19.21,0.77,$2.41,6.11,$1.14,12.94,$0.22B,$0.13B,1.76,$0.03B,$0.15B,0.19,$0.55B,$0.18B,33.52%,$0.55B,$0.06B,11.11%,$0.55B,$0.06B,11.11%,$0.55B,$0.08B,14.39%,$0.55B,$0.06B,10.93%,$0.55B,$0.03B,6.01%,$0.03B,$0.15B,23.53%,$0.03B,$0.11B,35.68%,$0.03B,$0.30B,11.45%,$0.06B,$0.18B,38.67%,$141,$89,$52,$0,$30,$123,$18,$-0,$18,$3,$15,$15,$15,$22,$18,$28,29,$0.52,$0.51,$18,$79,$0,$220,$14,$0,$45,$2,$83,$303,$125,$28,$0,$28,$153,$0,$99,$-1,$150,$303,$25,$13,$5,$18,$8,$-2,$-30,$5,$-23,$20,$-4,$0,$-4,$0,$0,$0,$0,$-8,$-10,$0,$-10,$-6,$-6,$0,$-3,$-19,$-7,$2,$0
1,2018-06-30,17.3,$4.88,3.54,$19.01,0.91,$2.61,6.64,$0.97,17.84,$0.18B,$0.11B,1.66,$0.02B,$0.14B,0.15,$0.54B,$0.18B,33.21%,$0.54B,$0.06B,10.89%,$0.54B,$0.06B,10.89%,$0.54B,$0.08B,14.39%,$0.54B,$0.06B,10.70%,$0.54B,$0.03B,5.17%,$0.03B,$0.14B,20.86%,$0.03B,$0.09B,33.23%,$0.03B,$0.27B,9.74%,$0.06B,$0.16B,40.07%,$119,$81,$38,$0,$30,$113,$5,$-1,$4,$1,$3,$3,$3,$9,$5,$28,29,$0.11,$0.11,$19,$70,$0,$179,$13,$0,$46,$4,$86,$265,$108,$20,$0,$20,$128,$0,$84,$-1,$138,$265,$10,$9,$2,$11,$37,$5,$-34,$-5,$-2,$20,$-3,$0,$0,$0,$0,$0,$0,$-3,$-18,$0,$-18,$-3,$-3,$0,$-3,$-23,$-6,$1,$0
2,2018-03-31,12.2,$4.85,2.52,$18.95,0.64,$2.28,5.34,$0.98,12.45,$0.18B,$0.11B,1.67,$0.02B,$0.14B,0.16,$0.54B,$0.18B,33.09%,$0.54B,$0.06B,10.97%,$0.54B,$0.06B,10.97%,$0.54B,$0.08B,14.87%,$0.54B,$0.06B,10.97%,$0.54B,$0.03B,5.20%,$0.03B,$0.14B,21.79%,$0.03B,$0.09B,36.96%,$0.03B,$0.26B,9.60%,$0.06B,$0.16B,42.37%,$112,$74,$38,$0,$27,$104,$8,$-0,$8,$1,$7,$7,$7,$13,$8,$28,29,$0.25,$0.24,$18,$79,$0,$175,$13,$0,$49,$4,$89,$264,$105,$22,$0,$22,$127,$0,$81,$-0,$137,$264,$7,$5,$1,$6,$50,$-3,$-41,$-7,$-3,$10,$-2,$0,$0,$0,$0,$0,$0,$-2,$-15,$0,$-15,$0,$0,$0,$0,$-15,$-7,$1,$0
3,2017-12-31,18.45,$4.85,3.8,$18.36,1.0,$1.53,12.06,$0.52,35.48,$0.23B,$0.19B,1.23,$0.00B,$0.14B,0.0,$0.52B,$0.17B,32.56%,$0.52B,$0.04B,8.48%,$0.52B,$0.04B,8.48%,$0.52B,$0.07B,12.72%,$0.52B,$0.04B,8.48%,$0.52B,$0.02B,2.89%,$0.02B,$0.14B,12.32%,$0.02B,$0.08B,22.73%,$0.02B,$0.32B,5.08%,$0.04B,$0.14B,34.11%,$177,$121,$56,$0,$30,$147,$30,$0,$30,$22,$8,$8,$8,$35,$30,$28,28,$0.29,$0.29,$25,$75,$0,$228,$13,$0,$52,$3,$93,$321,$185,$0,$0,$0,$185,$0,$78,$-0,$136,$321,$15,$22,$25,$47,$-38,$-1,$11,$1,$-28,$34,$-6,$0,$0,$0,$0,$0,$0,$-6,$-14,$0,$-14,$-1,$-1,$0,$-0,$-16,$13,$4,$0
4,2017-09-30,15.75,$4.51,3.49,$16.24,0.97,$1.39,11.33,$0.09,175.0,$0.18B,$0.16B,1.12,$0.01B,$0.13B,0.07,$0.46B,$0.14B,31.29%,$0.46B,$0.01B,2.19%,$0.46B,$0.01B,2.19%,$0.46B,$0.03B,6.78%,$0.46B,$0.01B,2.19%,$0.46B,$0.00B,0.66%,$0.00B,$0.13B,2.56%,$0.00B,$0.07B,5.17%,$0.00B,$0.30B,1.03%,$0.01B,$0.14B,7.89%,$134,$86,$48,$0,$29,$118,$16,$-0,$16,$6,$10,$10,$10,$21,$16,$28,28,$0.35,$0.34,$11,$72,$0,$184,$15,$0,$55,$2,$116,$300,$164,$9,$0,$9,$174,$0,$70,$-1,$126,$300,$7,$17,$10,$26,$-12,$2,$-4,$1,$-9,$25,$-4,$0,$0,$0,$0,$0,$0,$-4,$-20,$0,$-20,$-1,$-1,$0,$-0,$-22,$-0,$3,$0
5,2017-06-30,8.65,$4.12,2.1,$15.93,0.54,$1.36,6.36,$-0.50,0.0,$0.16B,$0.16B,1.01,$0.01B,$0.12B,0.09,$0.45B,$0.14B,30.80%,$0.45B,$-0.02B,-4.24%,$0.45B,$-0.02B,-4.24%,$0.45B,$0.00B,0.45%,$0.45B,$-0.02B,-4.24%,$0.45B,$-0.01B,-3.13%,$-0.01B,$0.12B,-12.04%,$-0.01B,$0.06B,-26.29%,$-0.01B,$0.28B,-4.77%,$-0.02B,$0.13B,-14.93%,$115,$79,$36,$0,$27,$110,$5,$-1,$5,$2,$3,$3,$3,$11,$5,$28,28,$0.12,$0.12,$14,$65,$0,$158,$16,$0,$58,$2,$124,$282,$156,$11,$0,$11,$166,$0,$60,$-1,$115,$282,$-3,$11,$5,$16,$11,$8,$-23,$-0,$-2,$11,$-3,$0,$0,$0,$0,$0,$0,$-3,$-4,$0,$-4,$-1,$-1,$0,$-0,$-5,$3,$2,$0
6,2017-03-31,7.2,$3.94,1.83,$15.40,0.47,$1.03,6.96,$-0.66,0.0,$0.15B,$0.16B,0.93,$0.01B,$0.11B,0.07,$0.43B,$0.13B,30.72%,$0.43B,$-0.03B,-5.77%,$0.43B,$-0.03B,-5.77%,$0.43B,$-0.00B,-0.23%,$0.43B,$-0.03B,-6.00%,$0.43B,$-0.02B,-4.16%,$-0.02B,$0.11B,-15.03%,$-0.02B,$0.05B,-38.30%,$-0.02B,$0.28B,-5.97%,$-0.03B,$0.12B,-18.90%,$93,$64,$29,$0,$30,$100,$-7,$-1,$-7,$-1,$-6,$-6,$-6,$-1,$-7,$28,28,$-0.22,$-0.22,$4,$76,$0,$147,$17,$0,$61,$1,$129,$277,$158,$8,$0,$8,$166,$0,$57,$-2,$110,$277,$-6,$6,$2,$8,$24,$-3,$-33,$-2,$-14,$-12,$-2,$0,$0,$0,$0,$0,$0,$-2,$8,$0,$8,$-1,$-1,$0,$-0,$6,$-7,$1,$0
7,2016-12-31,7.1,$4.19,1.7,$14.34,0.5,$1.27,5.59,$-0.56,0.0,$0.17B,$0.18B,0.95,$0.01B,$0.12B,0.08,$0.40B,$0.13B,31.84%,$0.40B,$-0.02B,-5.47%,$0.40B,$-0.02B,-5.47%,$0.40B,$0.00B,0.50%,$0.40B,$-0.02B,-5.72%,$0.40B,$-0.02B,-3.73%,$-0.02B,$0.12B,-12.05%,$-0.02B,$0.05B,-32.09%,$-0.02B,$0.31B,-4.89%,$-0.02B,$0.13B,-15.77%,$115,$85,$30,$0,$30,$119,$-4,$-1,$-4,$-0,$-4,$-4,$-4,$-0,$-4,$28,28,$-0.15,$-0.15,$12,$73,$0,$174,$18,$0,$66,$3,$136,$311,$184,$10,$0,$10,$193,$0,$63,$-2,$117,$311,$-16,$22,$20,$42,$-12,$-2,$14,$-9,$6,$33,$-9,$0,$-75,$0,$0,$0,$0,$-83,$52,$0,$52,$-1,$-1,$0,$-1,$50,$-1,$4,$0
8,2016-09-30,8.1,$4.36,1.86,$12.94,0.63,$1.09,7.45,$-0.23,0.0,$0.19B,$0.17B,1.15,$0.02B,$0.12B,0.13,$0.37B,$0.13B,34.70%,$0.37B,$-0.01B,-2.73%,$0.37B,$-0.01B,-2.73%,$0.37B,$0.01B,3.55%,$0.37B,$-0.01B,-3.01%,$0.37B,$-0.01B,-1.64%,$-0.01B,$0.12B,-4.69%,$-0.01B,$0.05B,-9.92%,$-0.01B,$0.30B,-2.19%,$-0.01B,$0.14B,-7.12%,$125,$82,$43,$0,$29,$137,$-13,$-1,$-13,$-6,$-7,$-7,$-7,$-8,$-13,$28,28,$-0.25,$-0.25,$9,$66,$0,$191,$19,$0,$70,$2,$114,$304,$166,$15,$1,$16,$182,$0,$67,$-2,$123,$304,$-11,$19,$18,$37,$-10,$2,$2,$-9,$0,$26,$-6,$0,$-75,$0,$0,$0,$0,$-81,$52,$0,$52,$0,$0,$0,$-1,$51,$-4,$4,$0
9,2016-06-30,5.25,$4.57,1.15,$10.81,0.49,$1.05,5.0,$0.15,35.0,$0.19B,$0.17B,1.11,$0.02B,$0.13B,0.13,$0.31B,$0.11B,35.39%,$0.31B,$0.01B,2.92%,$0.31B,$0.01B,2.92%,$0.31B,$0.03B,10.06%,$0.31B,$0.01B,2.60%,$0.31B,$0.01B,1.62%,$0.01B,$0.13B,3.88%,$0.01B,$0.03B,6.90%,$0.01B,$0.32B,2.06%,$0.01B,$0.15B,6.55%,$100,$69,$31,$0,$27,$101,$-1,$-1,$-2,$-1,$-1,$-1,$-1,$8,$-1,$28,28,$-0.04,$-0.04,$9,$69,$0,$188,$20,$0,$95,$2,$127,$315,$169,$17,$1,$18,$186,$0,$74,$-2,$129,$315,$-4,$15,$2,$16,$6,$1,$-9,$-6,$-9,$3,$-5,$0,$-75,$0,$0,$0,$0,$-79,$73,$0,$73,$0,$0,$0,$-1,$72,$-4,$2,$0
10,2016-03-31,9.01,$4.58,1.97,$9.51,0.95,$1.17,7.7,$0.31,29.06,$0.19B,$0.15B,1.32,$0.02B,$0.13B,0.14,$0.28B,$0.10B,37.45%,$0.28B,$0.02B,5.82%,$0.28B,$0.02B,5.82%,$0.28B,$0.03B,11.64%,$0.28B,$0.02B,5.82%,$0.28B,$0.01B,3.64%,$0.01B,$0.13B,7.68%,$0.01B,$0.05B,10.96%,$0.01B,$0.30B,4.84%,$0.02B,$0.15B,11.87%,$62,$39,$24,$0,$23,$66,$-4,$-0,$-4,$-1,$-3,$-3,$-3,$2,$-4,$28,28,$-0.12,$-0.12,$6,$84,$0,$194,$22,$0,$80,$2,$104,$298,$147,$19,$1,$22,$169,$0,$75,$-1,$129,$298,$-3,$5,$-0,$5,$18,$-2,$-19,$-3,$-6,$-4,$-3,$0,$-75,$0,$0,$0,$0,$-78,$76,$0,$76,$0,$0,$0,$-1,$75,$-7,$1,$0
11,2015-12-31,10.94,$4.74,2.31,$9.18,1.19,$1.62,6.76,$0.54,20.26,$0.13B,$0.05B,2.69,$0.00B,$0.13B,0.0,$0.27B,$0.10B,37.78%,$0.27B,$0.03B,9.26%,$0.27B,$0.03B,9.26%,$0.27B,$0.04B,14.07%,$0.27B,$0.03B,9.26%,$0.27B,$0.02B,5.93%,$0.02B,$0.13B,12.26%,$0.02B,$0.11B,15.35%,$0.02B,$0.18B,9.16%,$0.03B,$0.13B,19.16%,$79,$50,$29,$0,$19,$71,$8,$-0,$8,$3,$5,$5,$5,$11,$8,$29,29,$0.17,$0.18,$13,$46,$0,$132,$8,$0,$23,$1,$48,$180,$49,$0,$0,$0,$49,$0,$78,$-2,$131,$180,$16,$13,$2,$15,$18,$2,$-15,$-1,$-6,$25,$-5,$0,$0,$0,$0,$0,$0,$-5,$0,$0,$0,$-15,$-15,$0,$-1,$-16,$4,$4,$0
12,2015-09-30,6.79,$4.55,1.49,$9.82,0.69,$1.66,4.09,$0.79,8.59,$0.13B,$0.05B,2.53,$0.00B,$0.13B,0.0,$0.29B,$0.11B,38.57%,$0.29B,$0.04B,12.63%,$0.29B,$0.04B,12.63%,$0.29B,$0.05B,17.41%,$0.29B,$0.04B,12.63%,$0.29B,$0.02B,8.19%,$0.02B,$0.13B,18.53%,$0.02B,$0.10B,23.65%,$0.02B,$0.18B,13.33%,$0.04B,$0.13B,28.57%,$67,$42,$25,$0,$17,$61,$6,$-0,$6,$2,$4,$4,$4,$10,$6,$29,29,$0.13,$0.13,$15,$45,$0,$127,$7,$0,$25,$2,$49,$176,$50,$0,$0,$0,$50,$0,$73,$-1,$126,$176,$11,$10,$1,$11,$22,$3,$-12,$-4,$1,$22,$-3,$0,$0,$0,$0,$0,$0,$-3,$0,$0,$0,$-13,$-13,$0,$-1,$-14,$5,$3,$0
13,2015-06-30,7.92,$4.58,1.73,$9.49,0.83,$1.37,5.76,$0.52,15.23,$0.12B,$0.04B,3.27,$0.00B,$0.14B,0.0,$0.29B,$0.10B,33.92%,$0.29B,$0.02B,8.39%,$0.29B,$0.02B,8.39%,$0.29B,$0.04B,13.29%,$0.29B,$0.02B,8.39%,$0.29B,$0.02B,5.59%,$0.02B,$0.14B,12.48%,$0.02B,$0.11B,16.33%,$0.02B,$0.17B,8.99%,$0.02B,$0.14B,18.68%,$67,$42,$25,$0,$17,$60,$6,$-0,$6,$2,$4,$4,$4,$9,$6,$30,30,$0.13,$0.12,$11,$44,$0,$122,$7,$0,$27,$2,$50,$172,$37,$0,$0,$0,$37,$0,$70,$-1,$135,$172,$7,$6,$1,$7,$22,$4,$-27,$-2,$-10,$4,$-2,$0,$0,$0,$0,$0,$0,$-2,$0,$0,$0,$0,$0,$0,$-1,$-0,$2,$2,$0
14,2015-03-31,8.67,$4.40,1.97,$8.89,0.97,$1.86,4.66,$0.43,20.16,$0.12B,$0.04B,2.91,$0.00B,$0.13B,0.0,$0.27B,$0.09B,33.09%,$0.27B,$0.02B,7.43%,$0.27B,$0.02B,7.43%,$0.27B,$0.03B,12.64%,$0.27B,$0.02B,7.43%,$0.27B,$0.01B,4.83%,$0.01B,$0.13B,10.34%,$0.01B,$0.10B,13.94%,$0.01B,$0.17B,7.45%,$0.02B,$0.13B,15.87%,$57,$34,$23,$0,$15,$52,$5,$0,$5,$2,$3,$3,$3,$8,$5,$29,30,$0.11,$0.11,$15,$48,$0,$119,$7,$0,$29,$0,$52,$171,$41,$0,$0,$0,$41,$0,$66,$-2,$130,$171,$3,$3,$1,$4,$31,$-0,$-20,$-4,$1,$7,$-1,$0,$0,$0,$0,$0,$0,$-1,$0,$0,$0,$0,$0,$0,$-1,$-0,$5,$1,$0
15,2014-12-31,6.79,$4.36,1.56,$8.55,0.79,$2.03,3.35,$0.35,19.4,$0.15B,$0.07B,1.98,$0.00B,$0.13B,0.0,$0.26B,$0.08B,32.18%,$0.26B,$0.02B,6.51%,$0.26B,$0.02B,6.51%,$0.26B,$0.03B,11.88%,$0.26B,$0.02B,6.51%,$0.26B,$0.01B,4.21%,$0.01B,$0.13B,8.85%,$0.01B,$0.10B,12.32%,$0.01B,$0.20B,6.52%,$0.02B,$0.13B,13.65%,$102,$63,$40,$0,$17,$82,$20,$-0,$20,$7,$13,$13,$13,$24,$20,$30,31,$0.43,$0.42,$9,$48,$0,$147,$7,$0,$31,$0,$54,$201,$74,$0,$0,$0,$74,$0,$63,$-1,$127,$201,$10,$13,$-4,$9,$-29,$-4,$33,$1,$6,$26,$-4,$0,$0,$0,$0,$0,$0,$-4,$-18,$0,$-18,$-9,$-9,$0,$-0,$-27,$-6,$2,$0
16,2014-09-30,5.58,$3.98,1.4,$7.33,0.76,$2.39,2.34,$-0.15,0.0,$0.11B,$0.05B,2.45,$0.00B,$0.12B,0.01,$0.23B,$0.07B,30.09%,$0.23B,$-0.01B,-2.65%,$0.23B,$-0.01B,-2.65%,$0.23B,$0.02B,7.96%,$0.23B,$-0.01B,-2.65%,$0.23B,$-0.00B,-1.77%,$-0.00B,$0.12B,-3.23%,$-0.00B,$0.09B,-4.64%,$-0.00B,$0.17B,-2.47%,$-0.01B,$0.12B,-4.68%,$60,$51,$9,$0,$13,$67,$-7,$0,$-7,$-2,$-4,$-4,$-4,$-3,$-7,$30,30,$-0.14,$-0.14,$7,$35,$0,$114,$6,$0,$34,$0,$54,$168,$46,$1,$0,$1,$47,$0,$50,$-1,$121,$168,$-3,$9,$1,$10,$-9,$9,$17,$-1,$7,$15,$-3,$0,$0,$0,$0,$0,$0,$-3,$-17,$0,$-17,$-2,$-2,$0,$0,$-19,$-8,$2,$0
17,2014-06-30,5.43,$4.14,1.31,$6.94,0.78,$2.80,1.94,$0.09,60.33,$0.10B,$0.03B,3.15,$0.00B,$0.13B,0.0,$0.22B,$0.08B,37.50%,$0.22B,$0.01B,3.24%,$0.22B,$0.01B,3.24%,$0.22B,$0.03B,13.89%,$0.22B,$0.01B,3.24%,$0.22B,$0.00B,1.39%,$0.00B,$0.13B,2.38%,$0.00B,$0.09B,3.60%,$0.00B,$0.16B,1.83%,$0.01B,$0.13B,5.25%,$50,$33,$17,$0,$13,$49,$2,$-0,$2,$1,$1,$1,$1,$5,$2,$30,31,$0.03,$0.03,$12,$39,$0,$103,$5,$0,$36,$1,$55,$158,$33,$0,$0,$0,$33,$0,$54,$-0,$125,$158,$2,$6,$0,$7,$5,$5,$6,$0,$10,$19,$-1,$0,$0,$0,$0,$0,$0,$-1,$-18,$0,$-18,$-2,$-2,$0,$0,$-20,$-3,$1,$0
18,2014-03-31,4.62,$4.09,1.13,$6.94,0.67,$2.84,1.63,$0.15,30.8,$0.09B,$0.02B,3.78,$0.00B,$0.12B,0.0,$0.22B,$0.09B,39.63%,$0.22B,$0.01B,4.61%,$0.22B,$0.01B,4.61%,$0.22B,$0.03B,15.67%,$0.22B,$0.01B,4.61%,$0.22B,$0.01B,2.30%,$0.01B,$0.12B,3.98%,$0.01B,$0.09B,6.39%,$0.01B,$0.15B,2.99%,$0.01B,$0.12B,7.26%,$49,$31,$18,$0,$13,$47,$2,$0,$2,$1,$1,$1,$1,$5,$2,$31,31,$0.03,$0.03,$7,$39,$0,$92,$5,$0,$39,$1,$56,$148,$24,$0,$0,$0,$24,$0,$53,$-0,$124,$148,$1,$3,$0,$3,$10,$5,$-1,$-2,$7,$12,$-0,$0,$0,$0,$0,$0,$0,$-0,$-18,$0,$-18,$-2,$-2,$0,$0,$-20,$-9,$1,$0
19,2013-12-31,4.35,$4.08,1.07,$6.97,0.62,$2.90,1.5,$0.15,29.0,$0.12B,$0.03B,3.52,$0.02B,$0.13B,0.14,$0.22B,$0.09B,39.73%,$0.22B,$0.01B,4.57%,$0.22B,$0.01B,4.57%,$0.22B,$0.03B,15.53%,$0.22B,$0.01B,4.11%,$0.22B,$0.01B,2.28%,$0.01B,$0.13B,4.01%,$0.01B,$0.08B,6.87%,$0.01B,$0.18B,2.82%,$0.01B,$0.14B,6.88%,$67,$42,$24,$0,$14,$70,$-3,$0,$-3,$-1,$-2,$-2,$-2,$11,$-3,$31,31,$-0.06,$-0.07,$15,$45,$0,$116,$5,$0,$41,$1,$59,$175,$33,$18,$0,$18,$51,$0,$52,$0,$125,$175,$5,$24,$1,$24,$8,$-4,$-4,$8,$7,$36,$-3,$-1,$0,$0,$0,$0,$0,$-3,$-5,$-24,$-29,$-10,$-10,$0,$0,$-38,$-5,$4,$0
20,2013-09-30,4.5,$4.16,1.08,$7.61,0.59,$2.29,1.96,$0.23,19.57,$0.11B,$0.03B,3.31,$0.01B,$0.13B,0.09,$0.24B,$0.10B,42.68%,$0.24B,$0.02B,7.53%,$0.24B,$0.02B,7.53%,$0.24B,$0.04B,17.99%,$0.24B,$0.01B,5.44%,$0.24B,$0.01B,2.93%,$0.01B,$0.13B,5.62%,$0.01B,$0.08B,10.29%,$0.01B,$0.17B,3.79%,$0.02B,$0.14B,11.94%,$50,$28,$22,$0,$13,$43,$6,$-1,$6,$2,$3,$3,$3,$9,$6,$31,31,$0.10,$0.10,$13,$51,$0,$106,$5,$0,$55,$1,$68,$174,$32,$12,$0,$12,$44,$0,$54,$0,$130,$174,$7,$9,$5,$14,$22,$-11,$-6,$3,$6,$27,$-2,$-1,$0,$0,$0,$0,$0,$-2,$-26,$0,$-26,$-6,$-6,$0,$0,$-32,$-8,$3,$0
21,2013-06-30,5.35,$4.03,1.33,$7.91,0.68,$1.90,2.81,$0.24,22.29,$0.11B,$0.03B,3.53,$0.02B,$0.12B,0.15,$0.25B,$0.11B,42.97%,$0.25B,$0.02B,7.63%,$0.25B,$0.02B,7.63%,$0.25B,$0.04B,17.67%,$0.25B,$0.01B,4.82%,$0.25B,$0.01B,2.81%,$0.01B,$0.12B,5.70%,$0.01B,$0.07B,11.38%,$0.01B,$0.17B,3.69%,$0.02B,$0.14B,12.10%,$51,$30,$22,$0,$14,$46,$5,$-1,$5,$2,$3,$3,$3,$9,$5,$31,31,$0.09,$0.09,$14,$47,$0,$105,$4,$1,$55,$1,$68,$172,$30,$19,$0,$19,$48,$0,$51,$-0,$124,$172,$4,$6,$4,$10,$23,$-7,$-7,$1,$6,$20,$-1,$0,$0,$0,$0,$0,$0,$-1,$-20,$0,$-20,$-6,$-6,$0,$0,$-25,$-7,$2,$0
22,2013-03-31,7.28,$3.90,1.87,$8.21,0.89,$1.62,4.5,$0.33,22.06,$0.12B,$0.03B,3.46,$0.03B,$0.12B,0.28,$0.26B,$0.11B,43.46%,$0.26B,$0.03B,9.62%,$0.26B,$0.03B,9.62%,$0.26B,$0.05B,18.85%,$0.26B,$0.02B,6.54%,$0.26B,$0.01B,3.85%,$0.01B,$0.12B,8.26%,$0.01B,$0.06B,18.35%,$0.01B,$0.19B,5.17%,$0.03B,$0.15B,15.48%,$51,$32,$19,$0,$15,$49,$2,$-1,$1,$0,$1,$1,$1,$5,$2,$31,32,$0.03,$0.03,$23,$41,$0,$115,$5,$1,$57,$1,$72,$187,$33,$34,$0,$34,$67,$0,$48,$-0,$120,$187,$1,$3,$2,$5,$19,$-1,$-4,$-1,$9,$14,$-0,$0,$0,$0,$0,$0,$0,$-0,$-4,$0,$-4,$-6,$-6,$0,$0,$-10,$3,$1,$0
23,2012-12-31,7.36,$3.98,1.85,$8.36,0.88,$1.67,4.4,$0.46,16.0,$0.13B,$0.04B,3.14,$0.04B,$0.12B,0.32,$0.26B,$0.12B,45.83%,$0.26B,$0.03B,12.50%,$0.26B,$0.03B,12.50%,$0.26B,$0.06B,21.59%,$0.26B,$0.02B,9.09%,$0.26B,$0.01B,5.30%,$0.01B,$0.12B,11.81%,$0.01B,$0.07B,29.95%,$0.01B,$0.21B,7.29%,$0.03B,$0.16B,20.47%,$87,$49,$39,$0,$19,$82,$5,$-4,$1,$1,$0,$0,$0,$20,$5,$30,32,$0.01,$0.01,$20,$40,$0,$131,$5,$2,$59,$1,$75,$206,$42,$40,$0,$40,$82,$0,$47,$-0,$124,$206,$15,$24,$2,$25,$-9,$-10,$3,$-6,$-23,$17,$-3,$-0,$0,$0,$0,$0,$0,$-3,$-1,$-21,$-22,$1,$1,$0,$1,$-21,$-6,$6,$0
24,2012-09-30,8.53,$4.04,2.11,$7.91,1.08,$1.40,6.09,$0.77,11.08,$0.11B,$0.03B,4.07,$0.05B,$0.12B,0.36,$0.24B,$0.11B,46.31%,$0.24B,$0.04B,17.21%,$0.24B,$0.04B,17.21%,$0.24B,$0.05B,22.13%,$0.24B,$0.04B,15.57%,$0.24B,$0.02B,9.84%,$0.02B,$0.12B,21.19%,$0.02B,$0.05B,66.67%,$0.02B,$0.19B,12.57%,$0.04B,$0.17B,25.85%,$60,$33,$27,$0,$17,$53,$7,$-2,$5,$2,$3,$3,$3,$10,$7,$30,32,$0.11,$0.11,$16,$34,$0,$109,$5,$3,$73,$3,$85,$194,$27,$45,$0,$45,$71,$0,$47,$-0,$123,$194,$14,$9,$5,$14,$0,$-5,$0,$-3,$-13,$15,$-2,$-0,$0,$0,$0,$0,$0,$-2,$-24,$0,$-24,$1,$1,$0,$0,$-23,$-10,$5,$0
25,2012-06-30,10.91,$3.86,2.83,$7.49,1.46,$0.94,11.6,$0.73,14.95,$0.10B,$0.03B,3.72,$0.04B,$0.12B,0.37,$0.23B,$0.11B,45.65%,$0.23B,$0.04B,17.39%,$0.23B,$0.04B,17.39%,$0.23B,$0.05B,22.17%,$0.23B,$0.04B,15.65%,$0.23B,$0.02B,10.00%,$0.02B,$0.12B,21.90%,$0.02B,$0.04B,94.85%,$0.02B,$0.19B,12.23%,$0.04B,$0.16B,25.12%,$62,$33,$28,$0,$15,$51,$11,$-1,$10,$4,$6,$6,$6,$14,$11,$30,32,$0.19,$0.18,$12,$34,$0,$99,$5,$4,$76,$3,$88,$187,$27,$44,$0,$44,$70,$0,$44,$-0,$117,$187,$11,$6,$3,$9,$5,$-5,$0,$-4,$-8,$12,$-2,$-0,$0,$0,$0,$0,$0,$-2,$-25,$0,$-25,$1,$1,$0,$0,$-24,$-14,$3,$0
26,2012-03-31,10.63,$3.63,2.93,$6.97,1.53,$0.53,20.25,$0.65,16.35,$0.09B,$0.03B,3.18,$0.04B,$0.11B,0.39,$0.21B,$0.10B,45.89%,$0.21B,$0.03B,15.94%,$0.21B,$0.03B,15.94%,$0.21B,$0.04B,20.29%,$0.21B,$0.03B,14.49%,$0.21B,$0.02B,9.66%,$0.02B,$0.11B,20.30%,$0.02B,$0.03B,142.86%,$0.02B,$0.18B,10.72%,$0.03B,$0.15B,20.99%,$55,$29,$27,$0,$14,$45,$10,$-2,$8,$3,$5,$5,$5,$13,$10,$30,31,$0.17,$0.16,$17,$26,$0,$89,$4,$4,$78,$3,$91,$181,$28,$43,$0,$43,$71,$0,$38,$-0,$110,$181,$5,$3,$2,$5,$9,$4,$1,$-4,$6,$16,$-1,$0,$0,$0,$0,$0,$0,$-1,$-26,$0,$-26,$1,$1,$0,$0,$-25,$-10,$1,$0
27,2011-12-31,7.07,$3.45,2.05,$6.23,1.13,$-0.16,0.0,$0.62,11.4,$0.11B,$0.03B,3.21,$0.07B,$0.10B,0.64,$0.18B,$0.08B,45.81%,$0.18B,$0.03B,15.64%,$0.18B,$0.03B,15.64%,$0.18B,$0.03B,18.99%,$0.18B,$0.03B,15.08%,$0.18B,$0.02B,10.06%,$0.02B,$0.10B,22.43%,$0.02B,$0.02B,138.46%,$0.02B,$0.20B,11.58%,$0.03B,$0.17B,21.83%,$67,$36,$31,$0,$15,$53,$14,$0,$15,$5,$10,$10,$10,$17,$14,$27,29,$0.35,$0.33,$26,$30,$0,$108,$4,$5,$81,$3,$94,$202,$34,$66,$0,$66,$100,$0,$33,$-0,$103,$202,$18,$6,$-2,$4,$-22,$2,$0,$4,$-15,$7,$-2,$-0,$-52,$0,$0,$0,$0,$-53,$18,$45,$63,$2,$8,$0,$-1,$70,$24,$3,$0
28,2011-09-30,9.92,$3.05,3.26,$5.12,1.94,$-0.52,0.0,$0.43,23.07,$0.09B,$0.02B,3.69,$0.06B,$0.09B,0.71,$0.14B,$0.06B,45.39%,$0.14B,$0.02B,14.18%,$0.14B,$0.02B,14.18%,$0.14B,$0.02B,16.31%,$0.14B,$0.02B,12.77%,$0.14B,$0.01B,7.80%,$0.01B,$0.09B,17.53%,$0.01B,$0.00B,81.48%,$0.01B,$0.18B,9.22%,$0.02B,$0.15B,21.22%,$46,$26,$19,$0,$13,$41,$5,$-1,$3,$1,$2,$2,$2,$7,$5,$29,31,$0.07,$0.07,$17,$34,$0,$86,$4,$0,$88,$3,$96,$182,$23,$64,$0,$69,$92,$0,$23,$-0,$90,$182,$8,$4,$2,$6,$-6,$-2,$-2,$2,$-15,$-1,$-1,$-0,$-53,$0,$0,$0,$0,$-53,$22,$45,$67,$2,$4,$0,$-2,$70,$15,$3,$0
29,2011-06-30,13.4,$3.09,4.34,$4.62,2.9,$-0.48,0.0,$0.52,25.77,$0.08B,$0.03B,3.0,$0.06B,$0.09B,0.69,$0.12B,$0.06B,48.31%,$0.12B,$0.02B,17.80%,$0.12B,$0.02B,17.80%,$0.12B,$0.02B,18.64%,$0.12B,$0.02B,17.80%,$0.12B,$0.01B,11.02%,$0.01B,$0.09B,28.26%,$0.01B,$0.00B,69.33%,$0.01B,$0.18B,15.62%,$0.02B,$0.15B,34.15%,$39,$21,$18,$0,$13,$35,$4,$-0,$4,$1,$3,$3,$3,$5,$4,$25,27,$0.11,$0.10,$13,$33,$0,$79,$4,$0,$90,$3,$101,$181,$26,$62,$0,$64,$90,$0,$21,$-0,$91,$181,$6,$1,$1,$2,$-3,$-1,$-1,$3,$-10,$-2,$-0,$-0,$-53,$0,$0,$0,$0,$-53,$21,$45,$66,$2,$2,$0,$-1,$66,$11,$2,$0
30,2011-03-31,7.51,$1.54,4.86,$3.83,1.96,$-0.36,0.0,$0.50,15.02,$0.04B,$0.02B,2.37,$0.00B,$0.04B,0.0,$0.09B,$0.05B,50.00%,$0.09B,$0.02B,21.28%,$0.09B,$0.02B,21.28%,$0.09B,$0.02B,21.28%,$0.09B,$0.02B,21.28%,$0.09B,$0.01B,12.77%,$0.01B,$0.04B,43.24%,$0.01B,$0.03B,51.61%,$0.01B,$0.06B,26.67%,$0.02B,$0.04B,72.07%,$27,$13,$14,$0,$9,$22,$5,$-0,$5,$2,$3,$3,$3,$5,$5,$24,26,$0.14,$0.13,$2,$21,$0,$42,$2,$0,$9,$0,$15,$57,$18,$0,$0,$1,$19,$0,$18,$-0,$37,$57,$3,$0,$0,$0,$1,$-3,$-4,$2,$-9,$-5,$-0,$-0,$0,$0,$0,$0,$0,$-0,$4,$0,$4,$0,$0,$0,$0,$5,$-1,$0,$0
31,2010-12-31,7.62,$1.37,5.56,$3.18,2.4,$-0.16,0.0,$0.40,19.05,$0.05B,$0.02B,2.02,$0.00B,$0.03B,0.0,$0.08B,$0.04B,50.00%,$0.08B,$0.02B,21.05%,$0.08B,$0.02B,21.05%,$0.08B,$0.02B,21.05%,$0.08B,$0.02B,21.05%,$0.08B,$0.01B,13.16%,$0.01B,$0.03B,44.94%,$0.01B,$0.02B,50.00%,$0.01B,$0.06B,27.97%,$0.02B,$0.03B,71.91%,$29,$16,$13,$0,$7,$23,$6,$-0,$6,$3,$3,$3,$3,$6,$6,$23,24,$0.14,$0.14,$2,$18,$4,$47,$1,$0,$9,$0,$11,$57,$23,$0,$0,$2,$25,$0,$15,$-0,$33,$57,$10,$0,$-1,$-1,$-12,$-14,$9,$-3,$-13,$-3,$-1,$-2,$0,$0,$0,$0,$0,$-3,$0,$0,$0,$3,$3,$0,$1,$3,$-3,$1,$0
32,2010-09-30,4.79,$0.99,4.86,$2.47,1.94,$0.06,86.78,$0.28,17.11,$0.04B,$0.02B,2.41,$0.00B,$0.02B,0.0,$0.06B,$0.03B,53.45%,$0.06B,$0.01B,18.97%,$0.06B,$0.01B,18.97%,$0.06B,$0.01B,18.97%,$0.06B,$0.01B,17.24%,$0.06B,$0.01B,12.07%,$0.01B,$0.02B,40.00%,$0.01B,$0.02B,40.00%,$0.01B,$0.04B,26.67%,$0.01B,$0.02B,62.86%,$23,$11,$12,$0,$5,$17,$6,$0,$6,$2,$4,$4,$4,$6,$6,$23,24,$0.17,$0.16,$6,$10,$1,$36,$1,$0,$0,$0,$2,$38,$15,$0,$0,$0,$15,$0,$11,$-0,$23,$38,$7,$0,$1,$1,$-9,$-7,$6,$-1,$-8,$-0,$-0,$-0,$0,$0,$0,$0,$-0,$-1,$0,$0,$0,$2,$2,$0,$0,$2,$1,$1,$0
33,2010-06-30,2.87,$0.81,3.55,$1.91,1.5,$0.05,57.63,$0.16,17.94,$0.03B,$0.01B,2.65,$0.00B,$0.02B,0.0,$0.05B,$0.02B,53.33%,$0.05B,$0.01B,13.33%,$0.05B,$0.01B,13.33%,$0.05B,$0.01B,15.56%,$0.05B,$0.01B,11.11%,$0.05B,$0.00B,8.89%,$0.00B,$0.02B,27.12%,$0.00B,$0.02B,27.12%,$0.00B,$0.03B,19.05%,$0.01B,$0.02B,40.68%,$15,$8,$8,$0,$4,$12,$3,$-0,$3,$1,$2,$2,$2,$3,$3,$22,24,$0.09,$0.08,$6,$6,$1,$27,$1,$0,$0,$0,$2,$28,$10,$0,$0,$0,$10,$0,$7,$0,$18,$28,$3,$0,$0,$1,$-4,$-3,$3,$-1,$-3,$1,$-0,$0,$0,$0,$0,$0,$0,$-0,$0,$0,$0,$1,$1,$0,$0,$1,$1,$0,$0
34,2010-03-31,2.83,$0.69,4.11,$1.68,1.69,$0.03,96.92,$0.13,21.77,$0.02B,$0.01B,3.7,$0.00B,$0.02B,0.0,$0.04B,$0.02B,56.41%,$0.04B,$0.01B,12.82%,$0.04B,$0.01B,12.82%,$0.04B,$0.01B,15.38%,$0.04B,$0.00B,10.26%,$0.04B,$0.00B,7.69%,$0.00B,$0.02B,23.08%,$0.00B,$0.02B,23.53%,$0.00B,$0.02B,16.90%,$0.01B,$0.02B,38.46%,$9,$4,$5,$0,$4,$7,$1,$-0,$1,$0,$1,$1,$1,$1,$1,$22,23,$0.04,$0.03,$5,$4,$1,$19,$1,$0,$0,$0,$1,$20,$5,$0,$0,$0,$5,$0,$6,$-0,$15,$20,$1,$0,$0,$0,$1,$-1,$-0,$-1,$-1,$0,$-0,$0,$0,$0,$0,$0,$0,$-0,$0,$0,$0,$0,$0,$0,$0,$0,$0,$0,$0
35,2009-12-31,3.92,$0.64,6.13,$1.71,2.29,$0.01,380.58,$0.15,26.13,$0.02B,$0.01B,3.48,$0.00B,$0.01B,0.0,$0.04B,$0.02B,57.89%,$0.04B,$0.01B,15.79%,$0.04B,$0.01B,15.79%,$0.04B,$0.01B,18.42%,$0.04B,$0.01B,13.16%,$0.04B,$0.00B,7.89%,$0.00B,$0.01B,27.27%,$0.00B,$0.01B,27.91%,$0.00B,$0.02B,19.35%,$0.01B,$0.01B,54.55%,$11,$5,$6,$0,$5,$11,$1,$-0,$0,$0,$0,$0,$0,$1,$1,$21,23,$0.01,$0.01,$6,$4,$1,$17,$1,$0,$0,$0,$1,$19,$5,$0,$0,$0,$5,$0,$5,$-0,$14,$19,$3,$0,$1,$1,$-2,$-2,$1,$-1,$-2,$2,$-1,$-1,$0,$0,$0,$0,$0,$-2,$-0,$0,$-0,$3,$3,$0,$1,$4,$4,$1,$0
36,2009-09-30,5.23,$0.57,9.22,$1.60,3.27,$-0.06,0.0,$0.20,26.15,$0.02B,$0.01B,3.47,$0.00B,$0.01B,0.0,$0.03B,$0.02B,61.76%,$0.03B,$0.01B,17.65%,$0.03B,$0.01B,17.65%,$0.03B,$0.01B,20.59%,$0.03B,$0.01B,17.65%,$0.03B,$0.00B,11.76%,$0.00B,$0.01B,44.44%,$0.00B,$0.01B,45.71%,$0.00B,$0.02B,31.37%,$0.01B,$0.01B,66.67%,$10,$5,$5,$0,$4,$8,$1,$-0,$1,$1,$1,$1,$1,$2,$1,$22,24,$0.04,$0.04,$2,$3,$1,$16,$1,$0,$0,$0,$1,$17,$5,$0,$0,$0,$5,$0,$4,$-0,$12,$17,$3,$0,$1,$1,$-2,$-2,$1,$-2,$-4,$-0,$-0,$-0,$0,$0,$0,$0,$-1,$-2,$-0,$0,$-0,$3,$3,$0,$0,$3,$1,$0,$0
37,2009-06-30,6.9,$0.50,13.81,$1.55,4.45,$-0.08,0.0,$0.21,32.86,$0.01B,$0.01B,3.13,$0.00B,$0.01B,0.0,$0.03B,$0.02B,64.52%,$0.03B,$0.01B,19.35%,$0.03B,$0.01B,19.35%,$0.03B,$0.01B,19.35%,$0.03B,$0.01B,19.35%,$0.03B,$0.00B,12.90%,$0.00B,$0.01B,55.17%,$0.00B,$0.01B,57.14%,$0.00B,$0.02B,40.00%,$0.01B,$0.01B,82.76%,$9,$4,$6,$0,$4,$7,$2,$0,$2,$1,$1,$1,$1,$2,$2,$20,23,$0.06,$0.05,$3,$4,$0,$14,$1,$0,$0,$0,$1,$15,$5,$0,$0,$0,$5,$0,$4,$-0,$11,$15,$2,$0,$0,$0,$-2,$-2,$1,$-0,$-2,$0,$-0,$-0,$0,$0,$0,$0,$0,$-0,$-0,$0,$-0,$2,$2,$0,$0,$2,$2,$0,$0
38,2009-03-31,2.06,$0.37,5.55,$1.29,1.6,$-0.14,0.0,$0.17,12.12,$0.01B,$0.00B,2.68,$0.00B,$0.01B,0.0,$0.03B,$0.02B,64.00%,$0.03B,$0.00B,16.00%,$0.03B,$0.00B,16.00%,$0.03B,$0.00B,16.00%,$0.03B,$0.00B,16.00%,$0.03B,$0.00B,12.00%,$0.00B,$0.01B,54.55%,$0.00B,$0.01B,57.14%,$0.00B,$0.01B,41.38%,$0.00B,$0.01B,72.73%,$8,$3,$5,$0,$4,$6,$2,$0,$2,$1,$1,$1,$1,$2,$2,$19,20,$0.05,$0.05,$1,$3,$0,$10,$1,$0,$0,$0,$1,$11,$4,$0,$0,$0,$4,$0,$2,$-0,$7,$11,$1,$0,$0,$0,$-1,$-1,$1,$-1,$-1,$-0,$-0,$0,$0,$0,$0,$0,$0,$-0,$-0,$0,$-0,$0,$0,$0,$0,$0,$-0,$0,$0
39,2008-12-31,0.93,$0.30,3.06,$1.03,0.9,$-0.15,0.0,$0.11,8.45,$0.01B,$0.00B,2.97,$0.00B,$0.01B,0.0,$0.02B,$0.01B,65.00%,$0.02B,$0.00B,10.00%,$0.02B,$0.00B,10.00%,$0.02B,$0.00B,10.00%,$0.02B,$0.00B,10.00%,$0.02B,$0.00B,10.00%,$0.00B,$0.01B,44.44%,$0.00B,$0.01B,47.06%,$0.00B,$0.01B,36.36%,$0.00B,$0.01B,44.44%,$7,$3,$5,$0,$4,$6,$1,$0,$1,$-0,$1,$1,$1,$1,$1,$19,19,$0.06,$0.06,$1,$2,$0,$8,$1,$0,$0,$0,$1,$8,$3,$0,$0,$0,$3,$0,$1,$-0,$6,$8,$2,$0,$1,$1,$-3,$-1,$1,$0,$-3,$-0,$-0,$-0,$0,$0,$0,$0,$-1,$-1,$-0,$0,$-0,$0,$0,$0,$0,$0,$-1,$0,$0
40,2008-09-30,1.07,$0.24,4.45,$0.78,1.37,$-0.19,0.0,$0.05,21.4,$0.01B,$0.00B,3.3,$0.00B,$0.01B,0.0,$0.02B,$0.01B,60.00%,$0.02B,$0.00B,6.67%,$0.02B,$0.00B,6.67%,$0.02B,$0.00B,6.67%,$0.02B,$0.00B,6.67%,$0.02B,$0.00B,6.67%,$0.00B,$0.01B,26.67%,$0.00B,$0.01B,28.57%,$0.00B,$0.01B,22.22%,$0.00B,$0.01B,26.67%,$7,$2,$4,$0,$3,$5,$1,$0,$1,$1,$1,$1,$1,$1,$1,$19,19,$0.05,$0.05,$1,$1,$0,$6,$0,$0,$0,$0,$1,$6,$2,$0,$0,$0,$2,$0,$0,$0,$5,$6,$1,$0,$1,$1,$-2,$-0,$1,$-0,$-2,$-1,$-0,$-0,$0,$0,$0,$0,$-0,$-1,$-0,$0,$-0,$0,$0,$0,$0,$0,$-1,$0,$0
41,2008-06-30,0.67,$0.19,3.61,$0.51,1.32,$-0.20,0.0,$-0.04,0.0,$0.00B,$0.00B,5.71,$0.00B,$0.00B,0.0,$0.01B,$0.01B,66.67%,$0.01B,$-0.00B,-11.11%,$0.01B,$-0.00B,-11.11%,$0.01B,$-0.00B,-11.11%,$0.01B,$-0.00B,-11.11%,$0.01B,$-0.00B,-11.11%,$-0.00B,$0.00B,-30.77%,$-0.00B,$0.00B,-33.33%,$-0.00B,$0.00B,-26.67%,$-0.00B,$0.00B,-30.77%,$3,$1,$2,$0,$2,$3,$0,$0,$0,$0,$0,$0,$0,$0,$0,$19,19,$0.01,$0.01,$0,$1,$0,$3,$0,$0,$0,$0,$1,$4,$1,$0,$0,$0,$1,$0,$-1,$0,$4,$4,$0,$0,$0,$0,$-0,$-0,$-0,$-0,$-1,$-1,$-0,$-0,$0,$0,$0,$0,$-0,$-1,$-0,$0,$-0,$0,$0,$0,$0,$-0,$-2,$0,$0
