,Date,Stock Price,Book Value per Share,Price to Book Ratio,TTM Sales per Share,Price to Sales Ratio,TTM FCF per Share,Price to FCF Ratio,TTM Net EPS,PE Ratio,Current Assets,Current Liabilities,Current Ratio,Long Term Debt,Shareholder's Equity_x,Debt to Equity Ratio,TTM Revenue_x,TTM Gross Profit,Gross Margin,TTM Revenue_y,TTM Operating Income,Operating Margin,TTM Revenue_x,TTM EBIT,EBIT Margin,TTM Revenue_y,TTM EBITDA,EBITDA Margin,TTM Revenue_x,TTM Pre-Tax Income,Pre-Tax Margin,TTM Revenue_y,TTM Net Income_x,Net Margin,TTM Net Income_y,Shareholder's Equity_y,Return on Equity,TTM Net Income_x,Tangible Equity,Return on Tangible Equity,TTM Net Income_y,Total Assets,Return on Assets,TTM Net Income,LT Investments & Debt,Return on Investment,revenue,cost-goods-sold,gross-profit,research-development-expenses,selling-general-administrative-expenses,operating-expenses,operating-income,total-non-operating-income-expense,pre-tax-income,total-provision-income-taxes,income-after-taxes,income-from-continuous-operations,net-income,ebitda,ebit,basic-shares-outstanding,shares-outstanding,eps-basic-net-earnings-per-share,eps-earnings-per-share-diluted,cash-on-hand,inventory,other-current-assets,total-current-assets,net-property-plant-equipment,long-term-investments,goodwill-intangible-assets-total,other-long-term-assets,total-long-term-assets,total-assets,total-current-liabilities,long-term-debt,other-non-current-liabilities,total-long-term-liabilities,total-liabilities,common-stock-net,retained-earnings-accumulated-deficit,comprehensive-income,total-share-holder-equity,total-liabilities-share-holders-equity,net-income-loss,total-depreciation-amortization-cash-flow,other-non-cash-items,total-non-cash-items,change-in-accounts-receivable,change-in-inventories,change-in-accounts-payable,change-in-assets-liabilities,total-change-in-assets-liabilities,cash-flow-from-operating-activities,net-change-in-property-plant-equipment,net-change-in-intangible-assets,net-acquisitions-divestitures,net-change-in-short-term-investments,net-change-in-long-term-investments,net-change-in-investments-total,investing-activities-other,cash-flow-from-investing-activities,net-long-term-debt,net-current-debt,debt-issuance-retirement-net-total,net-common-equity-issued-repurchased,net-total-equity-issued-repurchased,total-common-preferred-stock-dividends-paid,financial-activities-other,cash-flow-from-financial-activities,net-cash-flow,stock-based-compensation,common-stock-dividends-paid
0,2018-09-30,131.47,$59.92,2.19,$38.87,3.38,$15.87,8.29,$8.70,15.11,$4.51B,$2.39B,1.89,$8.60B,$12.22B,0.7,$7.95B,$5.67B,71.33%,$7.95B,$0.79B,9.97%,$7.95B,$0.79B,9.97%,$7.95B,$2.12B,26.66%,$7.95B,$0.47B,5.92%,$7.95B,$1.75B,22.04%,$1.75B,$12.22B,14.61%,$1.75B,$-6.20B,-25.97%,$1.75B,$25.38B,6.74%,$0.79B,$20.82B,3.76%,$1837,$529,$1308,$96,$788,$1613,$223,$-70,$154,$-9,$162,$162,$162,$488,$223,$204,205,$0.80,$0.79,$525,$2220,$0,$4513,$2002,$0,$18421,$445,$20869,$25382,$2391,$8597,$1116,$10768,$13159,$3,$10441,$-168,$12223,$25382,$523,$790,$45,$835,$237,$-165,$0,$-28,$10,$1368,$-319,$0,$0,$0,$0,$0,$-15,$-334,$-904,$0,$-904,$103,$103,$-146,$-80,$-1027,$0,$45,$-146
1,2018-06-30,111.44,$59.21,1.88,$38.82,2.87,$14.75,7.56,$8.39,13.28,$4.48B,$1.85B,2.41,$9.41B,$12.04B,0.78,$7.93B,$5.68B,71.59%,$7.93B,$0.78B,9.85%,$7.93B,$0.78B,9.85%,$7.93B,$2.14B,27.02%,$7.93B,$0.44B,5.60%,$7.93B,$1.69B,21.32%,$1.69B,$12.04B,14.62%,$1.69B,$-6.55B,-22.75%,$1.69B,$25.49B,6.43%,$0.78B,$21.46B,3.75%,$2008,$584,$1424,$99,$791,$1712,$296,$-78,$218,$33,$185,$185,$185,$558,$296,$203,205,$0.91,$0.90,$481,$2159,$0,$4475,$1987,$0,$18593,$436,$21016,$25491,$1854,$9413,$1099,$11593,$13447,$3,$10328,$-163,$12044,$25491,$361,$525,$26,$551,$178,$-99,$0,$-37,$-28,$884,$-180,$0,$0,$0,$0,$0,$-16,$-195,$-601,$0,$-601,$56,$56,$-97,$-87,$-729,$-43,$26,$-97
2,2018-03-31,108.81,$59.02,1.84,$38.58,2.82,$13.61,7.99,$8.39,12.97,$5.78B,$3.43B,1.69,$9.49B,$12.00B,0.79,$7.87B,$5.67B,72.10%,$7.87B,$0.77B,9.72%,$7.87B,$0.77B,9.72%,$7.87B,$2.16B,27.38%,$7.87B,$0.42B,5.36%,$7.87B,$1.69B,21.46%,$1.69B,$12.00B,15.19%,$1.69B,$-6.97B,-20.92%,$1.69B,$27.18B,6.37%,$0.77B,$21.49B,3.76%,$2018,$576,$1442,$96,$785,$1713,$305,$-82,$223,$47,$176,$176,$175,$569,$305,$203,205,$0.86,$0.85,$1765,$2126,$0,$5775,$2031,$0,$18965,$410,$21406,$27181,$3425,$9487,$1178,$11757,$15182,$3,$10192,$-51,$12000,$27181,$176,$264,$14,$278,$146,$-40,$0,$-51,$37,$491,$-87,$0,$0,$0,$0,$0,$-15,$-102,$924,$0,$924,$48,$48,$-49,$-82,$842,$1241,$14,$-49
3,2017-12-31,120.14,$57.92,2.07,$38.43,3.13,$12.36,9.72,$9.01,13.33,$4.57B,$3.07B,1.49,$8.92B,$11.74B,0.76,$7.82B,$5.69B,72.75%,$7.82B,$0.81B,10.33%,$7.82B,$0.81B,10.33%,$7.82B,$2.20B,28.14%,$7.82B,$0.46B,5.93%,$7.82B,$1.81B,23.17%,$1.81B,$11.74B,17.10%,$1.81B,$-7.29B,-20.88%,$1.81B,$26.01B,6.85%,$0.81B,$20.65B,4.02%,$2089,$591,$1498,$93,$752,$2120,$-31,$-93,$-124,$-1355,$1231,$1231,$1231,$505,$-31,$202,204,$6.09,$6.05,$524,$2068,$0,$4565,$2039,$0,$19022,$389,$21449,$26014,$3070,$8918,$1190,$11209,$14279,$3,$10023,$-83,$11736,$26014,$1813,$1394,$-1690,$-295,$177,$-123,$0,$9,$64,$1582,$-493,$0,$-4,$0,$0,$0,$-14,$-511,$-1248,$0,$-1248,$146,$146,$-194,$86,$-1211,$-110,$54,$-194
4,2017-09-30,116.35,$51.63,2.25,$38.12,3.05,$12.46,9.34,$3.18,36.59,$4.43B,$3.01B,1.47,$9.20B,$10.45B,0.88,$7.75B,$5.59B,72.08%,$7.75B,$1.02B,13.19%,$7.75B,$1.02B,13.19%,$7.75B,$2.13B,27.54%,$7.75B,$0.62B,7.99%,$7.75B,$0.65B,8.42%,$0.65B,$10.45B,6.47%,$0.65B,$-8.92B,-7.01%,$0.65B,$26.42B,2.45%,$1.02B,$19.65B,5.10%,$1813,$501,$1312,$91,$712,$1602,$211,$-84,$127,$28,$99,$99,$99,$510,$211,$202,204,$0.49,$0.48,$481,$2084,$0,$4433,$2049,$0,$19370,$566,$21984,$26418,$3010,$9200,$878,$12957,$15967,$3,$8837,$-160,$10450,$26418,$582,$858,$72,$930,$347,$-124,$0,$-140,$-333,$1179,$-366,$0,$-4,$0,$0,$0,$-13,$-383,$-948,$0,$-948,$133,$133,$-145,$-17,$-978,$-153,$40,$-145
5,2017-06-30,127.32,$50.86,2.5,$38.26,3.33,$11.54,11.03,$3.48,36.59,$4.42B,$3.00B,1.48,$9.35B,$10.28B,0.91,$7.77B,$5.63B,72.44%,$7.77B,$1.01B,12.96%,$7.77B,$1.01B,12.96%,$7.77B,$2.11B,27.14%,$7.77B,$0.60B,7.67%,$7.77B,$0.71B,9.17%,$0.71B,$10.28B,7.19%,$0.71B,$-9.13B,-7.43%,$0.71B,$26.46B,2.66%,$1.01B,$19.63B,4.96%,$1950,$528,$1422,$93,$752,$1669,$280,$-84,$196,$12,$184,$184,$184,$571,$280,$202,204,$0.91,$0.90,$450,$2024,$0,$4424,$2057,$0,$19410,$568,$22035,$26459,$2996,$9354,$920,$13183,$16180,$3,$8788,$-264,$10280,$26459,$483,$559,$59,$617,$226,$-70,$0,$-130,$-385,$716,$-246,$0,$-4,$0,$0,$0,$-12,$-262,$-651,$0,$-651,$106,$106,$-97,$-15,$-657,$-184,$28,$-97
6,2017-03-31,120.86,$49.28,2.45,$38.39,3.15,$11.35,10.65,$2.42,49.94,$5.08B,$2.66B,1.91,$10.54B,$9.93B,1.06,$7.75B,$5.50B,70.94%,$7.75B,$0.93B,11.98%,$7.75B,$0.93B,11.98%,$7.75B,$2.02B,26.04%,$7.75B,$0.51B,6.59%,$7.75B,$0.50B,6.41%,$0.50B,$9.93B,5.11%,$0.50B,$-9.40B,-5.23%,$0.50B,$26.99B,1.86%,$0.93B,$20.47B,4.55%,$1972,$513,$1460,$91,$758,$1624,$348,$-83,$265,$-34,$299,$299,$299,$616,$348,$201,203,$1.49,$1.47,$1040,$1977,$0,$5080,$2053,$0,$19336,$519,$21908,$26988,$2656,$10538,$887,$14398,$17054,$3,$8650,$-424,$9934,$26988,$299,$268,$29,$296,$27,$-13,$0,$-110,$-320,$275,$-130,$0,$0,$0,$0,$0,$-4,$-133,$249,$0,$249,$66,$66,$-48,$-11,$256,$405,$14,$-48
7,2016-12-31,101.94,$48.20,2.11,$38.09,2.68,$11.42,8.92,$1.47,69.35,$4.66B,$2.38B,1.96,$10.67B,$9.67B,1.1,$7.68B,$5.30B,69.00%,$7.68B,$0.83B,10.76%,$7.68B,$0.83B,10.76%,$7.68B,$1.90B,24.66%,$7.68B,$0.40B,5.22%,$7.68B,$0.31B,4.00%,$0.31B,$9.67B,3.18%,$0.31B,$-9.76B,-3.27%,$0.31B,$26.68B,1.16%,$0.83B,$20.34B,4.04%,$2013,$622,$1391,$96,$756,$1830,$183,$-153,$31,$-39,$70,$70,$70,$437,$183,$200,202,$0.36,$0.35,$634,$1959,$0,$4664,$2038,$0,$19429,$554,$22021,$26684,$2382,$10666,$936,$14633,$17015,$3,$8467,$-434,$9670,$26684,$305,$1069,$281,$1350,$-138,$76,$0,$21,$-22,$1632,$-530,$0,$-1443,$-2,$286,$285,$-3,$-1692,$-260,$0,$-260,$-279,$-279,$-188,$-16,$-743,$-825,$57,$-188
8,2016-09-30,128.13,$48.68,2.63,$38.34,3.34,$8.54,15.01,$1.28,100.1,$4.70B,$2.31B,2.03,$11.01B,$9.75B,1.13,$7.61B,$5.18B,68.05%,$7.61B,$0.86B,11.27%,$7.61B,$0.86B,11.27%,$7.61B,$1.96B,25.72%,$7.61B,$0.50B,6.61%,$7.61B,$0.36B,4.79%,$0.36B,$9.75B,3.75%,$0.36B,$-10.03B,-3.98%,$0.36B,$27.04B,1.37%,$0.86B,$20.75B,4.13%,$1833,$479,$1354,$96,$728,$1637,$196,$-92,$104,$-54,$158,$158,$159,$484,$196,$200,203,$0.79,$0.78,$489,$2070,$0,$4698,$2081,$0,$19771,$486,$22338,$27037,$2312,$11006,$888,$14978,$17290,$3,$8443,$-303,$9746,$27037,$235,$815,$347,$1162,$-80,$44,$0,$-155,$-392,$1005,$-381,$0,$-1443,$-1,$273,$272,$8,$-1545,$17,$0,$17,$-302,$-302,$-140,$-9,$-434,$-984,$46,$-140
9,2016-06-30,118.41,$47.82,2.48,$37.87,3.13,$6.15,19.26,$0.61,194.11,$5.05B,$2.10B,2.4,$10.53B,$9.55B,1.1,$7.53B,$5.03B,66.78%,$7.53B,$0.78B,10.31%,$7.53B,$0.78B,10.31%,$7.53B,$1.83B,24.26%,$7.53B,$0.43B,5.72%,$7.53B,$0.23B,3.01%,$0.23B,$9.55B,2.32%,$0.23B,$-8.81B,-2.67%,$0.23B,$25.97B,0.86%,$0.78B,$20.08B,3.70%,$1934,$640,$1294,$89,$732,$1732,$202,$-91,$111,$142,$-32,$-32,$-31,$482,$202,$199,199,$-0.16,$-0.16,$976,$1962,$0,$5051,$2034,$0,$18364,$523,$20921,$25971,$2101,$10534,$963,$14321,$16422,$3,$8332,$-339,$9549,$25971,$77,$527,$317,$844,$-121,$60,$0,$-80,$-269,$652,$-231,$0,$-184,$-1,$273,$272,$-27,$-170,$-519,$0,$-519,$-337,$-337,$-92,$-5,$-953,$-483,$31,$-92
10,2016-03-31,104.67,$48.52,2.16,$34.92,3.0,$4.87,21.51,$-0.14,0.0,$5.08B,$1.52B,3.36,$11.12B,$9.66B,1.15,$6.77B,$4.61B,68.11%,$6.77B,$0.44B,6.55%,$6.77B,$0.44B,6.55%,$6.77B,$1.31B,19.40%,$6.77B,$0.08B,1.20%,$6.77B,$0.08B,1.24%,$0.08B,$9.66B,0.85%,$0.08B,$-8.96B,-1.02%,$0.08B,$26.30B,0.31%,$0.44B,$20.78B,2.07%,$1904,$641,$1263,$86,$717,$1659,$246,$-91,$155,$46,$109,$109,$109,$492,$246,$200,202,$0.54,$0.54,$1010,$2083,$0,$5082,$2039,$0,$18617,$559,$21215,$26297,$1515,$11117,$989,$15122,$16636,$3,$8408,$-243,$9661,$26297,$109,$247,$166,$413,$-83,$38,$0,$-54,$-249,$273,$-113,$0,$0,$-0,$224,$223,$-15,$96,$-400,$0,$-400,$-384,$-384,$-45,$-4,$-833,$-463,$13,$-45
11,2015-12-31,100.48,$48.79,2.06,$32.06,3.13,$4.04,24.85,$0.36,279.11,$5.85B,$1.62B,3.62,$11.50B,$9.89B,1.16,$6.00B,$4.20B,69.97%,$6.00B,$0.47B,7.79%,$6.00B,$0.47B,7.79%,$6.00B,$1.18B,19.67%,$6.00B,$0.15B,2.55%,$6.00B,$0.15B,2.43%,$0.15B,$9.89B,1.60%,$0.15B,$-8.79B,-2.88%,$0.15B,$27.16B,0.59%,$0.47B,$21.39B,2.32%,$1934,$669,$1264,$86,$724,$1720,$213,$-80,$133,$7,$127,$127,$127,$498,$214,$187,190,$0.66,$0.67,$1624,$2254,$0,$5854,$2063,$0,$18681,$564,$21307,$27161,$1618,$11497,$1006,$15653,$17271,$3,$8348,$-329,$9889,$27161,$146,$712,$282,$994,$-56,$-205,$0,$-22,$-291,$850,$-364,$0,$-7760,$-215,$803,$588,$-22,$-7558,$7366,$0,$7366,$-45,$-45,$-157,$-58,$7107,$376,$46,$-157
12,2015-09-30,91.8,$49.06,1.87,$29.00,3.17,$5.67,16.2,$1.13,81.24,$6.40B,$1.79B,3.58,$11.69B,$9.99B,1.17,$5.29B,$3.84B,72.71%,$5.29B,$0.48B,8.98%,$5.29B,$0.48B,8.98%,$5.29B,$1.00B,18.84%,$5.29B,$0.21B,3.92%,$5.29B,$0.17B,3.18%,$0.17B,$9.99B,2.02%,$0.17B,$-7.51B,-8.36%,$0.17B,$26.69B,0.83%,$0.48B,$21.68B,2.83%,$1762,$552,$1210,$83,$692,$1646,$116,$-84,$32,$10,$22,$22,$22,$356,$116,$204,206,$0.11,$0.11,$1810,$2358,$0,$6395,$1989,$0,$17503,$802,$20294,$26689,$1787,$11690,$871,$14909,$16696,$3,$8265,$-253,$9993,$26689,$20,$428,$394,$823,$29,$-197,$0,$-24,$-455,$387,$-247,$0,$-7760,$-179,$579,$400,$-20,$-7627,$7739,$0,$7739,$77,$77,$-112,$-59,$7645,$384,$35,$-112
13,2015-06-30,106.5,$49.81,2.14,$26.87,3.96,$7.55,14.11,$1.98,53.79,$6.75B,$2.16B,3.12,$11.75B,$10.13B,1.16,$4.63B,$3.44B,74.37%,$4.63B,$0.61B,13.26%,$4.63B,$0.61B,13.26%,$4.63B,$0.99B,21.29%,$4.63B,$0.41B,8.75%,$4.63B,$0.32B,6.89%,$0.32B,$10.13B,4.28%,$0.32B,$-7.55B,44.55%,$0.32B,$27.20B,2.00%,$0.61B,$21.88B,4.59%,$1168,$294,$873,$51,$444,$1300,$-132,$-107,$-239,$-65,$-174,$-174,$-174,$-33,$-132,$173,173,$-1.00,$-1.00,$1884,$2441,$0,$6752,$1999,$0,$17672,$782,$20453,$27204,$2163,$11750,$802,$14915,$17078,$3,$8232,$-41,$10126,$27204,$-3,$189,$190,$379,$-59,$-141,$0,$-86,$-87,$289,$-145,$0,$-7813,$-153,$399,$246,$-9,$-7721,$7889,$0,$7889,$35,$35,$-75,$-60,$7789,$341,$21,$-75
14,2015-03-31,114.36,$38.63,2.96,$27.04,4.23,$8.28,13.81,$3.92,29.17,$11.92B,$0.91B,13.12,$9.06B,$6.58B,1.38,$4.65B,$3.42B,73.65%,$4.65B,$1.01B,21.67%,$4.65B,$1.01B,21.67%,$4.65B,$1.37B,29.51%,$4.65B,$0.88B,18.94%,$4.65B,$0.67B,14.42%,$0.67B,$6.58B,10.26%,$0.67B,$3.59B,19.70%,$0.67B,$17.19B,5.81%,$1.01B,$15.64B,10.14%,$1134,$285,$850,$48,$424,$865,$270,$-43,$227,$56,$171,$171,$171,$359,$270,$170,173,$1.01,$0.99,$9282,$1217,$0,$11917,$1301,$0,$2995,$977,$5273,$17190,$909,$9061,$637,$9698,$10607,$3,$8427,$-32,$6583,$17190,$171,$89,$22,$111,$7,$-58,$0,$25,$-191,$92,$-97,$0,$0,$168,$0,$168,$-3,$68,$7629,$0,$7629,$28,$28,$-37,$-51,$7569,$7710,$13,$-37
15,2014-12-31,110.16,$38.61,2.85,$27.24,4.04,$8.94,12.32,$4.19,26.29,$4.31B,$1.02B,4.21,$1.43B,$6.55B,0.22,$4.67B,$3.43B,73.38%,$4.67B,$1.04B,22.19%,$4.67B,$1.04B,22.19%,$4.67B,$1.41B,30.23%,$4.67B,$0.94B,20.09%,$4.67B,$0.72B,15.43%,$0.72B,$6.55B,11.19%,$0.72B,$3.43B,22.25%,$0.72B,$9.66B,7.52%,$1.04B,$7.98B,12.96%,$1223,$312,$911,$46,$447,$1002,$221,$-34,$187,$38,$149,$149,$149,$314,$221,$169,172,$0.88,$0.87,$1696,$1193,$0,$4313,$1285,$0,$3118,$942,$5345,$9658,$1024,$1426,$611,$2082,$3106,$3,$8362,$38,$6552,$9658,$719,$376,$-47,$329,$-40,$-165,$0,$114,$12,$1061,$-342,$-54,$0,$-1351,$1282,$-69,$-4,$-469,$-248,$0,$-248,$-116,$-116,$-146,$-61,$-570,$3,$49,$-146
16,2014-09-30,97.48,$38.64,2.52,$27.34,3.57,$8.66,11.26,$4.64,21.01,$4.33B,$1.09B,3.96,$1.43B,$6.54B,0.22,$4.69B,$3.44B,73.27%,$4.69B,$1.16B,24.81%,$4.69B,$1.16B,24.81%,$4.69B,$1.54B,32.76%,$4.69B,$1.08B,23.06%,$4.69B,$0.83B,17.63%,$0.83B,$6.54B,12.96%,$0.83B,$3.39B,26.45%,$0.83B,$9.67B,8.64%,$1.16B,$7.97B,14.55%,$1106,$296,$810,$46,$423,$851,$255,$-25,$230,$57,$173,$173,$173,$346,$255,$169,172,$1.02,$1.01,$1747,$1178,$0,$4333,$1279,$0,$3153,$906,$5338,$9671,$1093,$1426,$610,$2037,$3130,$3,$8166,$269,$6541,$9671,$566,$283,$65,$348,$-42,$-133,$0,$103,$-215,$699,$-259,$0,$0,$-231,$0,$-231,$-9,$-498,$1,$0,$1,$-146,$-146,$-108,$-54,$-307,$-113,$37,$-108
17,2014-06-30,100.47,$38.22,2.63,$27.14,3.7,$8.53,11.78,$4.58,21.94,$4.23B,$0.95B,4.44,$1.69B,$6.45B,0.26,$4.66B,$3.37B,72.40%,$4.66B,$1.12B,24.06%,$4.66B,$1.12B,24.06%,$4.66B,$1.50B,32.08%,$4.66B,$1.05B,22.53%,$4.66B,$0.81B,17.34%,$0.81B,$6.45B,12.86%,$0.81B,$3.20B,27.06%,$0.81B,$9.64B,8.52%,$1.12B,$8.14B,14.08%,$1183,$332,$851,$48,$436,$922,$261,$-25,$236,$60,$176,$176,$177,$352,$261,$168,171,$1.05,$1.03,$1698,$1147,$0,$4230,$1275,$0,$3258,$876,$5409,$9638,$953,$1687,$546,$2233,$3186,$3,$8037,$356,$6452,$9638,$397,$192,$49,$241,$-15,$-85,$0,$21,$-195,$443,$-175,$0,$0,$-92,$0,$-92,$-1,$-269,$1,$0,$1,$-182,$-182,$-71,$-39,$-291,$-112,$24,$-71
18,2014-03-31,91.3,$37.20,2.45,$27.07,3.37,$8.22,11.11,$4.44,20.56,$4.05B,$0.92B,4.41,$1.68B,$6.24B,0.27,$4.65B,$3.37B,72.50%,$4.65B,$1.07B,23.03%,$4.65B,$1.07B,23.03%,$4.65B,$1.45B,31.10%,$4.65B,$1.01B,21.73%,$4.65B,$0.78B,16.85%,$0.78B,$6.24B,12.75%,$0.78B,$2.94B,27.62%,$0.78B,$9.38B,8.37%,$1.07B,$7.92B,13.68%,$1162,$304,$858,$47,$445,$861,$300,$-14,$286,$65,$221,$221,$222,$401,$300,$169,172,$1.31,$1.29,$1588,$1126,$0,$4047,$1236,$0,$3294,$804,$5333,$9380,$919,$1680,$544,$2224,$3142,$3,$7897,$376,$6238,$9380,$221,$101,$29,$130,$5,$-57,$0,$21,$-162,$189,$-81,$0,$0,$-18,$0,$-18,$0,$-98,$0,$0,$0,$-262,$-262,$-34,$5,$-291,$-198,$11,$-34
19,2013-12-31,89.75,$37.10,2.42,$26.98,3.33,$8.20,10.94,$4.43,20.26,$4.20B,$1.03B,4.07,$1.67B,$6.30B,0.27,$4.62B,$3.36B,72.60%,$4.62B,$1.07B,23.10%,$4.62B,$1.07B,23.10%,$4.62B,$1.43B,30.86%,$4.62B,$1.01B,21.80%,$4.62B,$0.78B,16.87%,$0.78B,$6.30B,12.98%,$0.78B,$2.98B,28.75%,$0.78B,$9.58B,8.48%,$1.07B,$7.97B,13.87%,$1241,$321,$919,$45,$393,$892,$348,$-18,$330,$75,$255,$255,$255,$438,$348,$170,172,$1.49,$1.47,$1808,$1075,$0,$4198,$1225,$0,$3319,$839,$5383,$9581,$1032,$1672,$577,$2249,$3281,$3,$7713,$367,$6300,$9581,$779,$359,$-40,$319,$-74,$-148,$0,$-50,$-134,$963,$-293,$-74,$0,$98,$0,$98,$-14,$-283,$-98,$0,$-98,$-246,$-246,$-132,$9,$-467,$196,$49,$-132
20,2013-09-30,78.94,$36.01,2.19,$26.47,2.98,$9.35,8.44,$3.95,19.98,$3.84B,$0.80B,4.77,$1.69B,$6.14B,0.28,$4.56B,$3.32B,72.74%,$4.56B,$0.92B,20.18%,$4.56B,$0.92B,20.18%,$4.56B,$1.38B,30.15%,$4.56B,$0.86B,18.93%,$4.56B,$0.68B,14.86%,$0.68B,$6.14B,11.49%,$0.68B,$2.82B,26.01%,$0.68B,$9.36B,7.49%,$0.92B,$7.83B,12.12%,$1074,$329,$746,$49,$438,$863,$212,$-13,$198,$44,$154,$154,$154,$304,$212,$170,172,$0.91,$0.90,$1506,$1082,$0,$3837,$1234,$0,$3315,$971,$5520,$9357,$804,$1686,$728,$2414,$3218,$3,$7511,$325,$6139,$9357,$524,$268,$64,$332,$-33,$-115,$0,$9,$-193,$663,$-243,$0,$0,$-580,$631,$51,$-80,$-272,$-99,$0,$-99,$-155,$-155,$-98,$7,$-345,$33,$0,$-98
21,2013-06-30,71.84,$34.83,2.06,$26.08,2.75,$10.38,6.92,$4.07,17.65,$3.59B,$0.80B,4.47,$1.69B,$5.89B,0.29,$4.52B,$3.34B,74.05%,$4.52B,$0.96B,21.21%,$4.52B,$0.96B,21.21%,$4.52B,$1.40B,31.09%,$4.52B,$0.90B,19.95%,$4.52B,$0.70B,15.54%,$0.70B,$5.89B,12.05%,$0.70B,$2.59B,28.01%,$0.70B,$9.10B,7.88%,$0.96B,$7.58B,12.71%,$1170,$324,$846,$55,$458,$959,$210,$-14,$196,$44,$152,$152,$152,$302,$210,$169,171,$0.90,$0.89,$1236,$1053,$0,$3592,$1225,$0,$3296,$984,$5506,$9097,$804,$1688,$715,$2404,$3208,$3,$7389,$297,$5890,$9097,$370,$177,$45,$222,$-90,$-86,$0,$-6,$-221,$370,$-157,$0,$0,$-366,$475,$109,$-74,$-122,$-100,$0,$-100,$-246,$-246,$-65,$5,$-405,$-174,$0,$-65
22,2013-03-31,71.92,$34.08,2.11,$25.61,2.81,$10.98,6.55,$4.40,16.34,$3.46B,$0.76B,4.54,$1.70B,$5.71B,0.3,$4.47B,$3.34B,74.73%,$4.47B,$1.05B,23.48%,$4.47B,$1.05B,23.48%,$4.47B,$1.50B,33.48%,$4.47B,$0.99B,22.21%,$4.47B,$0.77B,17.11%,$0.77B,$5.71B,13.23%,$0.77B,$2.46B,31.36%,$0.77B,$8.75B,8.70%,$1.05B,$7.42B,14.00%,$1139,$293,$846,$54,$461,$841,$298,$-15,$284,$66,$218,$218,$219,$383,$298,$169,171,$1.30,$1.28,$1201,$1039,$0,$3464,$1220,$0,$3258,$804,$5281,$8745,$763,$1703,$566,$2269,$3032,$3,$7271,$316,$5712,$8745,$218,$85,$25,$110,$-44,$-60,$0,$-30,$-148,$181,$-75,$0,$0,$137,$0,$137,$-9,$53,$-100,$0,$-100,$-325,$-325,$-31,$4,$-453,$-227,$14,$-31
23,2012-12-31,63.56,$34.19,1.86,$25.33,2.51,$11.26,5.65,$4.29,14.82,$3.71B,$0.87B,4.28,$1.72B,$5.87B,0.29,$4.47B,$3.35B,74.83%,$4.47B,$1.05B,23.43%,$4.47B,$1.05B,23.43%,$4.47B,$1.51B,33.67%,$4.47B,$0.99B,22.13%,$4.47B,$0.76B,16.90%,$0.76B,$5.87B,13.11%,$0.76B,$2.55B,31.76%,$0.76B,$9.01B,8.64%,$1.05B,$7.59B,14.06%,$1181,$299,$882,$55,$461,$980,$201,$-14,$187,$34,$152,$152,$153,$387,$201,$175,176,$0.90,$0.88,$1556,$995,$0,$3709,$1211,$0,$3313,$781,$5304,$9012,$866,$1721,$559,$2280,$3146,$3,$7086,$344,$5866,$9012,$753,$459,$3,$462,$-46,$-68,$0,$-57,$-63,$1152,$-264,$0,$-59,$-252,$0,$-252,$-18,$-592,$97,$0,$97,$-439,$-439,$-94,$-1,$-437,$116,$0,$-94
24,2012-09-30,64.31,$33.61,1.91,$24.81,2.59,$11.02,5.83,$4.28,15.02,$3.63B,$0.76B,4.81,$1.73B,$5.83B,0.3,$4.46B,$3.33B,74.66%,$4.46B,$1.05B,23.50%,$4.46B,$1.05B,23.50%,$4.46B,$1.41B,31.71%,$4.46B,$0.99B,22.27%,$4.46B,$0.76B,17.04%,$0.76B,$5.83B,13.38%,$0.76B,$2.42B,33.57%,$0.76B,$8.78B,8.81%,$1.05B,$7.57B,14.29%,$1026,$256,$770,$54,$430,$776,$249,$-15,$235,$57,$178,$178,$178,$332,$249,$174,175,$1.02,$1.02,$1489,$994,$0,$3632,$1186,$0,$3409,$558,$5152,$8784,$756,$1734,$464,$2198,$2953,$3,$6966,$311,$5831,$8784,$601,$273,$52,$325,$-34,$-53,$0,$-88,$-142,$784,$-176,$0,$0,$-802,$667,$-135,$-57,$-368,$-3,$0,$-3,$-312,$-312,$-63,$-1,$-378,$33,$0,$-63
25,2012-06-30,61.04,$32.72,1.87,$24.42,2.5,$10.66,5.72,$4.27,14.3,$3.48B,$0.68B,5.09,$1.73B,$5.71B,0.3,$4.47B,$3.34B,74.78%,$4.47B,$1.07B,23.87%,$4.47B,$1.07B,23.87%,$4.47B,$1.44B,32.25%,$4.47B,$1.01B,22.69%,$4.47B,$0.77B,17.33%,$0.77B,$5.71B,13.76%,$0.77B,$2.33B,35.12%,$0.77B,$8.62B,9.12%,$1.07B,$7.44B,14.75%,$1125,$282,$843,$57,$453,$823,$302,$-14,$288,$74,$214,$214,$215,$395,$302,$175,176,$1.22,$1.22,$1336,$956,$0,$3478,$1177,$0,$3386,$575,$5138,$8617,$683,$1727,$495,$2221,$2904,$3,$6819,$276,$5712,$8617,$423,$190,$36,$226,$-87,$-30,$0,$-88,$-210,$439,$-113,$0,$0,$-538,$423,$-115,$-55,$-282,$2,$0,$2,$-230,$-230,$-32,$-2,$-262,$-117,$0,$-32
26,2012-03-31,60.79,$32.15,1.89,$23.94,2.54,$10.44,5.82,$4.11,14.79,$3.32B,$0.86B,3.86,$1.57B,$5.66B,0.28,$4.48B,$3.35B,74.74%,$4.48B,$1.02B,22.85%,$4.48B,$1.02B,22.85%,$4.48B,$1.39B,31.11%,$4.48B,$0.97B,21.76%,$4.48B,$0.76B,17.04%,$0.76B,$5.66B,13.38%,$0.76B,$2.22B,33.91%,$0.76B,$8.60B,9.09%,$1.02B,$7.23B,14.29%,$1141,$289,$852,$60,$463,$845,$296,$-15,$281,$72,$209,$209,$210,$392,$296,$177,179,$1.18,$1.17,$1229,$937,$0,$3323,$1193,$0,$3443,$646,$5281,$8604,$862,$1573,$508,$2080,$2942,$3,$6636,$328,$5662,$8604,$209,$97,$19,$116,$-54,$-6,$0,$-75,$-117,$207,$-48,$0,$0,$-256,$175,$-81,$-35,$-164,$1,$0,$1,$-131,$-131,$0,$1,$-129,$-94,$0,$0
27,2011-12-31,50.37,$30.98,1.63,$23.31,2.16,$10.16,4.96,$4.02,12.53,$3.28B,$0.87B,3.78,$1.58B,$5.52B,0.29,$4.45B,$3.33B,74.82%,$4.45B,$1.02B,23.00%,$4.45B,$1.02B,23.00%,$4.45B,$1.38B,31.09%,$4.45B,$0.98B,21.99%,$4.45B,$0.76B,17.12%,$0.76B,$5.52B,13.25%,$0.76B,$2.09B,33.36%,$0.76B,$8.52B,9.21%,$1.02B,$7.09B,14.42%,$1167,$303,$864,$65,$462,$966,$201,$-13,$189,$32,$156,$156,$157,$296,$201,$188,189,$0.89,$0.88,$1224,$930,$0,$3277,$1207,$0,$3425,$607,$5239,$8515,$867,$1576,$557,$2133,$3001,$3,$6427,$271,$5515,$8515,$760,$360,$60,$420,$-63,$7,$0,$18,$-3,$1177,$-269,$0,$-57,$-267,$0,$-267,$-31,$-624,$1,$549,$550,$-1007,$-1007,$0,$1,$-456,$99,$61,$0
28,2011-09-30,50.43,$31.09,1.62,$22.76,2.22,$9.94,5.08,$3.33,15.14,$3.07B,$0.68B,4.56,$1.54B,$5.61B,0.28,$4.42B,$3.33B,75.29%,$4.42B,$0.95B,21.40%,$4.42B,$0.95B,21.40%,$4.42B,$1.51B,34.10%,$4.42B,$0.90B,20.36%,$4.42B,$0.64B,14.48%,$0.64B,$5.61B,11.01%,$0.64B,$2.18B,27.21%,$0.64B,$8.20B,7.86%,$0.95B,$7.15B,13.40%,$1032,$252,$780,$61,$444,$765,$267,$-12,$255,$64,$191,$191,$192,$358,$267,$188,189,$1.02,$1.01,$978,$968,$0,$3073,$1210,$0,$3429,$486,$5126,$8199,$675,$1544,$372,$1916,$2590,$3,$6303,$370,$5609,$8199,$604,$266,$62,$328,$-40,$-28,$0,$-46,$-148,$784,$-197,$0,$0,$-404,$225,$-179,$-36,$-411,$375,$0,$375,$-873,$-873,$0,$4,$-493,$-116,$0,$0
29,2011-06-30,59.6,$31.60,1.89,$22.13,2.69,$10.23,5.83,$3.28,18.17,$3.11B,$0.68B,4.58,$1.15B,$6.02B,0.19,$4.35B,$3.29B,75.67%,$4.35B,$0.95B,21.85%,$4.35B,$0.95B,21.85%,$4.35B,$1.50B,34.55%,$4.35B,$0.90B,20.72%,$4.35B,$0.64B,14.68%,$0.64B,$6.02B,10.89%,$0.64B,$2.51B,26.91%,$0.64B,$8.25B,7.90%,$0.95B,$7.16B,13.57%,$1137,$288,$850,$57,$470,$878,$259,$-10,$249,$46,$204,$204,$204,$348,$259,$192,193,$1.06,$1.06,$946,$975,$0,$3108,$1213,$0,$3506,$422,$5141,$8249,$679,$1147,$407,$1554,$2233,$3,$6111,$448,$6016,$8249,$413,$175,$45,$220,$-76,$-22,$0,$-48,$-200,$433,$-119,$0,$0,$-17,$0,$-17,$-26,$-163,$0,$0,$0,$-328,$-328,$0,$4,$-324,$-45,$32,$0
30,2011-03-31,57.08,$30.54,1.87,$21.44,2.66,$10.68,5.35,$3.04,18.78,$3.03B,$0.71B,4.25,$1.14B,$5.86B,0.19,$4.27B,$3.25B,76.06%,$4.27B,$0.92B,21.53%,$4.27B,$0.92B,21.53%,$4.27B,$1.47B,34.28%,$4.27B,$0.87B,20.29%,$4.27B,$0.60B,14.06%,$0.60B,$5.86B,10.37%,$0.60B,$2.36B,25.94%,$0.60B,$8.12B,7.52%,$0.92B,$7.01B,13.26%,$1116,$279,$837,$56,$458,$818,$297,$-11,$286,$77,$209,$209,$209,$383,$297,$193,194,$1.08,$1.08,$866,$958,$0,$3031,$1218,$0,$3507,$361,$5087,$8118,$713,$1140,$400,$1540,$2253,$3,$5908,$410,$5864,$8118,$209,$86,$23,$109,$-71,$-14,$0,$-46,$-135,$182,$-63,$0,$0,$-65,$75,$10,$-13,$-67,$0,$0,$0,$-219,$-219,$0,$2,$-217,$-93,$0,$0
31,2010-12-31,50.62,$29.51,1.72,$20.89,2.42,$11.09,4.57,$2.97,17.04,$3.01B,$0.70B,4.28,$1.14B,$5.77B,0.2,$4.22B,$3.21B,76.00%,$4.22B,$0.92B,21.72%,$4.22B,$0.92B,21.72%,$4.22B,$1.46B,34.61%,$4.22B,$0.86B,20.40%,$4.22B,$0.60B,14.14%,$0.60B,$5.77B,10.36%,$0.60B,$2.36B,26.31%,$0.60B,$8.00B,7.54%,$0.92B,$6.91B,13.30%,$1135,$274,$861,$57,$462,$1012,$123,$-13,$110,$75,$35,$35,$35,$418,$123,$200,201,$0.19,$0.18,$934,$936,$0,$3010,$1214,$0,$3408,$369,$4990,$8000,$703,$1142,$384,$1526,$2229,$3,$5699,$321,$5771,$8000,$597,$544,$-6,$538,$-33,$26,$0,$59,$59,$1194,$-272,$-9,$-83,$-346,$0,$-346,$-18,$-727,$-2,$0,$-2,$-489,$-489,$0,$1,$-490,$-23,$62,$0
32,2010-09-30,49.35,$29.48,1.67,$20.38,2.42,$10.62,4.65,$3.53,13.98,$3.01B,$0.70B,4.31,$1.14B,$5.82B,0.2,$4.19B,$3.18B,75.84%,$4.19B,$1.03B,24.64%,$4.19B,$1.03B,24.64%,$4.19B,$1.44B,34.39%,$4.19B,$0.98B,23.40%,$4.19B,$0.72B,17.10%,$0.72B,$5.82B,12.52%,$0.72B,$2.27B,32.92%,$0.72B,$8.00B,9.12%,$1.03B,$6.96B,15.06%,$965,$219,$746,$57,$412,$693,$272,$-14,$257,$66,$191,$191,$191,$355,$272,$199,200,$0.96,$0.96,$982,$925,$0,$3007,$1177,$0,$3553,$266,$4996,$8004,$699,$1139,$345,$1483,$2182,$3,$5665,$325,$5822,$8004,$562,$250,$49,$299,$-13,$7,$0,$77,$-8,$853,$-174,$0,$0,$-101,$57,$-44,$-18,$-235,$0,$0,$0,$-392,$-392,$0,$1,$-391,$227,$45,$0
33,2010-06-30,50.97,$28.46,1.79,$20.09,2.54,$9.80,5.2,$3.27,15.59,$2.98B,$0.60B,4.96,$1.13B,$5.74B,0.2,$4.20B,$3.16B,75.17%,$4.20B,$0.97B,22.95%,$4.20B,$0.97B,22.95%,$4.20B,$1.38B,32.80%,$4.20B,$0.92B,21.98%,$4.20B,$0.68B,16.08%,$0.68B,$5.74B,11.72%,$0.68B,$2.28B,31.21%,$0.68B,$7.83B,8.70%,$0.97B,$6.87B,14.27%,$1058,$251,$807,$54,$438,$830,$228,$-14,$214,$48,$166,$166,$166,$309,$228,$202,203,$0.82,$0.82,$987,$886,$0,$2983,$1171,$0,$3456,$218,$4845,$7827,$602,$1131,$360,$1491,$2093,$3,$5473,$224,$5735,$7827,$371,$166,$34,$200,$-51,$28,$0,$93,$-38,$532,$-110,$0,$0,$33,$0,$33,$-15,$-92,$0,$0,$0,$-171,$-171,$0,$1,$-170,$262,$31,$0
34,2010-03-31,55.83,$28.18,1.98,$19.62,2.85,$8.87,6.29,$3.43,16.28,$2.87B,$0.66B,4.39,$1.13B,$5.71B,0.2,$4.17B,$3.14B,75.28%,$4.17B,$1.03B,24.82%,$4.17B,$1.03B,24.82%,$4.17B,$1.45B,34.76%,$4.17B,$1.00B,24.08%,$4.17B,$0.72B,17.28%,$0.72B,$5.71B,12.45%,$0.72B,$2.17B,33.87%,$0.72B,$7.82B,9.38%,$1.03B,$6.84B,15.52%,$1063,$268,$794,$51,$447,$769,$294,$-15,$280,$74,$205,$205,$205,$379,$294,$203,204,$1.01,$1.01,$871,$897,$0,$2874,$1191,$0,$3546,$211,$4948,$7822,$655,$1127,$326,$1453,$2108,$3,$5308,$305,$5714,$7822,$205,$85,$15,$100,$-33,$17,$0,$4,$-46,$260,$-51,$0,$0,$-4,$20,$16,$-3,$-38,$0,$0,$0,$-89,$-89,$0,$1,$-88,$130,$13,$0
35,2009-12-31,55.74,$27.61,2.02,$18.88,2.95,$8.34,6.69,$3.33,16.74,$2.74B,$0.69B,3.96,$1.13B,$5.64B,0.2,$4.10B,$3.10B,75.78%,$4.10B,$1.02B,24.90%,$4.10B,$1.02B,24.90%,$4.10B,$1.43B,34.86%,$4.10B,$1.00B,24.39%,$4.10B,$0.72B,17.50%,$0.72B,$5.64B,12.48%,$0.72B,$2.00B,34.64%,$0.72B,$7.79B,9.52%,$1.02B,$6.77B,15.68%,$1107,$274,$833,$52,$460,$869,$239,$-9,$230,$75,$155,$155,$155,$399,$239,$215,216,$0.75,$0.73,$758,$913,$0,$2738,$1222,$0,$3642,$184,$5048,$7786,$691,$1128,$329,$1456,$2147,$3,$5103,$359,$5639,$7786,$717,$410,$39,$450,$-5,$36,$0,$45,$-49,$1118,$-229,$-36,$-40,$-66,$0,$-66,$-11,$-381,$-330,$999,$669,$-923,$-923,$0,$-8,$-262,$479,$75,$0
36,2009-09-30,50.4,$28.07,1.8,$18.26,2.76,$6.63,7.6,$3.34,15.09,$2.45B,$0.68B,3.62,$0.60B,$5.98B,0.1,$4.02B,$3.06B,76.09%,$4.02B,$1.02B,25.40%,$4.02B,$1.02B,25.40%,$4.02B,$1.35B,33.54%,$4.02B,$1.01B,25.01%,$4.02B,$0.73B,18.16%,$0.73B,$5.98B,12.70%,$0.73B,$2.22B,35.23%,$0.73B,$7.65B,9.87%,$1.02B,$6.58B,16.10%,$976,$249,$726,$52,$413,$772,$204,$-4,$200,$50,$150,$150,$150,$292,$204,$214,215,$0.70,$0.70,$443,$972,$0,$2449,$1240,$0,$3757,$203,$5199,$7648,$677,$600,$393,$993,$1669,$3,$4948,$351,$5979,$7648,$562,$250,$36,$286,$11,$-22,$0,$34,$-116,$732,$-180,$-33,$0,$0,$0,$0,$-36,$-248,$141,$0,$141,$-405,$-405,$0,$0,$-264,$227,$58,$0
37,2009-06-30,40.17,$27.09,1.48,$17.94,2.24,$6.07,6.61,$3.59,11.19,$2.33B,$0.67B,3.48,$0.65B,$5.81B,0.11,$4.00B,$3.05B,76.27%,$4.00B,$1.03B,25.71%,$4.00B,$1.03B,25.71%,$4.00B,$1.33B,33.37%,$4.00B,$1.04B,26.13%,$4.00B,$0.80B,19.90%,$0.80B,$5.81B,14.05%,$0.80B,$2.12B,38.20%,$0.80B,$7.46B,10.96%,$1.03B,$6.46B,16.60%,$1020,$237,$783,$50,$432,$723,$297,$-4,$293,$82,$210,$210,$210,$378,$297,$215,216,$0.98,$0.98,$280,$981,$0,$2329,$1254,$0,$3689,$190,$5133,$7462,$669,$654,$334,$987,$1657,$3,$4798,$282,$5806,$7462,$412,$161,$15,$177,$-30,$-52,$0,$-13,$-209,$380,$-131,$-26,$0,$0,$0,$0,$-18,$-174,$200,$0,$200,$-342,$-342,$0,$0,$-142,$65,$40,$0
38,2009-03-31,34.42,$25.83,1.33,$17.91,1.92,$6.15,5.6,$3.60,9.56,$2.20B,$0.70B,3.12,$0.66B,$5.56B,0.12,$4.06B,$3.08B,75.98%,$4.06B,$1.04B,25.60%,$4.06B,$1.04B,25.60%,$4.06B,$1.33B,32.82%,$4.06B,$1.07B,26.29%,$4.06B,$0.81B,20.02%,$0.81B,$5.56B,14.54%,$0.81B,$1.94B,39.27%,$0.81B,$7.23B,11.40%,$1.04B,$6.22B,17.22%,$993,$230,$762,$52,$424,$713,$280,$-4,$276,$74,$202,$202,$202,$359,$280,$222,222,$0.91,$0.91,$216,$947,$0,$2196,$1257,$0,$3612,$167,$5036,$7232,$704,$660,$313,$973,$1677,$3,$4588,$229,$5555,$7232,$202,$80,$21,$101,$-6,$-32,$0,$-14,$-119,$185,$-76,$-8,$0,$0,$0,$0,$-1,$-84,$210,$0,$210,$-306,$-306,$0,$0,$-96,$0,$17,$0
39,2008-12-31,38.12,$25.29,1.51,$17.97,2.12,$6.22,6.13,$3.71,10.27,$2.18B,$0.77B,2.83,$0.46B,$5.65B,0.08,$4.12B,$3.12B,75.78%,$4.12B,$1.09B,26.45%,$4.12B,$1.09B,26.45%,$4.12B,$1.37B,33.12%,$4.12B,$1.12B,27.25%,$4.12B,$0.85B,20.60%,$0.85B,$5.65B,15.10%,$0.85B,$2.01B,39.55%,$0.85B,$7.24B,12.05%,$1.09B,$6.11B,18.38%,$1030,$243,$787,$48,$435,$791,$240,$-4,$236,$68,$168,$168,$168,$319,$240,$227,228,$0.75,$0.76,$215,$928,$0,$2179,$1264,$0,$3647,$149,$5060,$7239,$771,$460,$354,$814,$1585,$3,$4386,$240,$5654,$7239,$849,$275,$85,$360,$-44,$-148,$0,$-20,$-170,$1038,$-488,$-109,$-382,$0,$55,$55,$0,$-924,$330,$0,$330,$-680,$-680,$0,$7,$-344,$-251,$70,$0
40,2008-09-30,60.88,$25.03,2.43,$17.97,3.39,$6.98,8.72,$4.08,14.92,$2.33B,$0.84B,2.78,$0.33B,$5.62B,0.06,$4.17B,$3.16B,75.77%,$4.17B,$1.20B,28.86%,$4.17B,$1.20B,28.86%,$4.17B,$1.46B,35.05%,$4.17B,$1.24B,29.77%,$4.17B,$0.95B,22.69%,$0.95B,$5.62B,16.96%,$0.95B,$2.26B,43.63%,$0.95B,$7.08B,13.71%,$1.20B,$5.95B,20.76%,$952,$237,$715,$48,$404,$742,$210,$28,$239,$24,$215,$215,$215,$277,$210,$225,226,$0.96,$0.95,$545,$843,$0,$2333,$1188,$0,$3363,$195,$4746,$7079,$839,$331,$284,$619,$1458,$3,$4218,$355,$5621,$7079,$681,$196,$19,$215,$-12,$-107,$0,$-22,$-65,$831,$-376,$0,$0,$0,$55,$55,$-19,$-339,$220,$0,$220,$-635,$-635,$0,$7,$-408,$79,$50,$0
41,2008-06-30,64.17,$24.44,2.63,$17.57,3.65,$6.82,9.41,$3.32,19.33,$2.21B,$0.81B,2.73,$0.33B,$5.51B,0.06,$4.12B,$3.15B,76.41%,$4.12B,$1.12B,27.16%,$4.12B,$1.12B,27.16%,$4.12B,$1.37B,33.21%,$4.12B,$1.13B,27.43%,$4.12B,$0.78B,18.83%,$0.78B,$5.51B,14.15%,$0.78B,$2.06B,37.08%,$0.78B,$6.94B,11.54%,$1.12B,$5.83B,19.82%,$1080,$262,$817,$48,$448,$771,$308,$7,$315,$88,$227,$227,$227,$376,$308,$228,230,$0.99,$0.99,$391,$801,$0,$2208,$1114,$0,$3443,$177,$4734,$6942,$808,$329,$297,$630,$1437,$3,$4003,$423,$5505,$6942,$466,$129,$37,$166,$-82,$-56,$0,$-23,$-109,$523,$-241,$0,$0,$0,$12,$12,$-8,$-237,$220,$0,$220,$-595,$-595,$0,$6,$-369,$-76,$39,$0
42,2008-03-31,73.42,$24.65,2.98,$16.92,4.34,$7.06,10.4,$3.30,22.25,$2.22B,$0.79B,2.82,$0.12B,$5.71B,0.02,$4.01B,$3.08B,76.92%,$4.01B,$1.13B,28.28%,$4.01B,$1.13B,28.28%,$4.01B,$1.37B,34.19%,$4.01B,$1.14B,28.40%,$4.01B,$0.78B,19.47%,$0.78B,$5.71B,14.38%,$0.78B,$2.26B,37.48%,$0.78B,$6.92B,11.89%,$1.13B,$5.82B,20.50%,$1059,$255,$805,$48,$418,$728,$332,$1,$333,$93,$240,$240,$239,$393,$332,$233,234,$1.03,$1.02,$479,$757,$0,$2223,$1039,$0,$3448,$210,$4697,$6919,$789,$117,$304,$424,$1213,$3,$3776,$412,$5707,$6919,$239,$62,$16,$78,$-53,$-14,$0,$-25,$-75,$243,$-111,$0,$0,$0,$0,$0,$0,$-111,$0,$0,$0,$-128,$-128,$0,$2,$-126,$12,$15,$0
43,2007-12-31,62.38,$23.40,2.67,$16.36,3.81,$7.08,8.81,$3.26,19.13,$2.08B,$0.75B,2.78,$0.10B,$5.45B,0.02,$3.90B,$3.02B,77.53%,$3.90B,$1.13B,28.94%,$3.90B,$1.13B,28.94%,$3.90B,$1.36B,34.84%,$3.90B,$1.13B,29.04%,$3.90B,$0.77B,19.86%,$0.77B,$5.45B,14.67%,$0.77B,$2.08B,38.66%,$0.77B,$6.63B,12.18%,$1.13B,$5.55B,20.98%,$1074,$254,$820,$24,$428,$722,$352,$1,$353,$89,$264,$264,$264,$414,$352,$236,238,$1.12,$1.12,$466,$728,$0,$2083,$972,$0,$3365,$214,$4551,$6634,$749,$104,$328,$436,$1184,$3,$3537,$290,$5450,$6634,$773,$230,$155,$385,$-13,$-58,$0,$-71,$-74,$1084,$-331,$0,$0,$0,$0,$0,$-160,$-492,$0,$0,$0,$-427,$-427,$0,$27,$-400,$198,$70,$0
44,2007-09-30,76.37,$22.41,3.41,$15.65,4.88,$7.12,10.72,$3.16,24.17,$1.90B,$0.71B,2.69,$0.10B,$5.25B,0.02,$3.76B,$2.93B,77.91%,$3.76B,$1.11B,29.64%,$3.76B,$1.11B,29.64%,$3.76B,$1.34B,35.52%,$3.76B,$1.12B,29.78%,$3.76B,$0.76B,20.09%,$0.76B,$5.25B,14.68%,$0.76B,$1.96B,39.65%,$0.76B,$6.37B,12.20%,$1.11B,$5.36B,21.25%,$903,$199,$704,$53,$353,$777,$126,$2,$128,$83,$44,$45,$45,$184,$126,$235,237,$0.19,$0.19,$316,$732,$0,$1900,$914,$0,$3299,$255,$4467,$6367,$707,$103,$301,$407,$1114,$3,$3273,$265,$5253,$6367,$509,$168,$67,$234,$4,$-66,$0,$-59,$-81,$663,$-224,$0,$-108,$0,$0,$0,$0,$-332,$0,$0,$0,$-315,$-315,$0,$27,$-288,$47,$54,$0
45,2007-06-30,80.05,$22.39,3.58,$15.21,5.26,$7.88,10.16,$3.73,21.46,$1.95B,$0.64B,3.03,$0.10B,$5.28B,0.02,$3.68B,$2.86B,77.85%,$3.68B,$1.24B,33.82%,$3.68B,$1.24B,33.82%,$3.68B,$1.46B,39.65%,$3.68B,$1.25B,33.90%,$3.68B,$0.89B,24.30%,$0.89B,$5.28B,17.75%,$0.89B,$2.03B,49.60%,$0.89B,$6.32B,14.70%,$1.24B,$5.38B,24.23%,$971,$216,$754,$54,$374,$648,$323,$1,$324,$92,$232,$232,$232,$379,$323,$237,239,$0.98,$0.97,$361,$683,$0,$1949,$866,$0,$3256,$249,$4372,$6321,$643,$95,$297,$395,$1038,$3,$3229,$213,$5283,$6321,$465,$109,$53,$163,$-54,$-37,$0,$-48,$-132,$496,$-143,$0,$-112,$0,$0,$0,$0,$-255,$0,$0,$0,$-173,$-173,$0,$26,$-148,$93,$41,$0
46,2007-03-31,80.54,$21.62,3.73,$14.72,5.47,$8.06,10.0,$3.57,22.56,$1.89B,$0.60B,3.15,$0.10B,$5.12B,0.02,$3.59B,$2.79B,77.77%,$3.59B,$1.20B,33.52%,$3.59B,$1.20B,33.52%,$3.59B,$1.41B,39.24%,$3.59B,$1.21B,33.60%,$3.59B,$0.86B,24.04%,$0.86B,$5.12B,17.47%,$0.86B,$1.94B,50.65%,$0.86B,$6.10B,14.40%,$1.20B,$5.22B,23.90%,$950,$206,$744,$52,$362,$623,$327,$-0,$327,$93,$234,$233,$233,$381,$327,$237,239,$0.99,$0.98,$328,$659,$0,$1887,$821,$0,$3175,$216,$4211,$6098,$599,$100,$280,$382,$981,$3,$2997,$223,$5117,$6098,$233,$53,$29,$82,$-63,$-20,$0,$-40,$-123,$193,$-53,$0,$0,$0,$0,$0,$-6,$-59,$0,$0,$0,$-94,$-94,$0,$20,$-74,$60,$21,$0
47,2006-12-31,73.91,$20.78,3.56,$14.18,5.21,$8.13,9.09,$3.41,21.68,$1.75B,$0.63B,2.78,$0.10B,$4.92B,0.02,$3.50B,$2.72B,77.69%,$3.50B,$1.17B,33.35%,$3.50B,$1.17B,33.35%,$3.50B,$1.36B,38.99%,$3.50B,$1.17B,33.44%,$3.50B,$0.84B,23.88%,$0.84B,$4.92B,17.09%,$0.84B,$1.69B,50.64%,$0.84B,$5.97B,14.05%,$1.17B,$5.02B,23.43%,$934,$208,$726,$46,$346,$595,$338,$2,$340,$95,$245,$245,$245,$391,$338,$243,245,$1.02,$1.01,$268,$638,$0,$1746,$807,$0,$3228,$193,$4228,$5974,$628,$100,$323,$426,$1054,$3,$2769,$209,$4921,$5974,$835,$197,$126,$324,$-77,$-39,$0,$4,$-118,$1041,$-252,$0,$-35,$0,$0,$0,$0,$-287,$19,$0,$19,$-758,$-758,$0,$8,$-731,$33,$76,$0
