,Date,Stock Price,Book Value per Share,Price to Book Ratio,TTM Sales per Share,Price to Sales Ratio,TTM FCF per Share,Price to FCF Ratio,TTM Net EPS,PE Ratio,Current Assets,Current Liabilities,Current Ratio,Long Term Debt,Shareholder's Equity_x,Debt to Equity Ratio,TTM Revenue_x,TTM Gross Profit,Gross Margin,TTM Revenue_y,TTM Operating Income,Operating Margin,TTM Revenue_x,TTM EBIT,EBIT Margin,TTM Revenue_y,TTM EBITDA,EBITDA Margin,TTM Revenue_x,TTM Pre-Tax Income,Pre-Tax Margin,TTM Revenue_y,TTM Net Income_x,Net Margin,TTM Net Income_y,Shareholder's Equity_y,Return on Equity,TTM Net Income_x,Tangible Equity,Return on Tangible Equity,TTM Net Income_y,Total Assets,Return on Assets,TTM Net Income,LT Investments & Debt,Return on Investment,revenue,cost-goods-sold,gross-profit,research-development-expenses,selling-general-administrative-expenses,operating-expenses,operating-income,total-non-operating-income-expense,pre-tax-income,total-provision-income-taxes,income-after-taxes,income-from-continuous-operations,net-income,ebitda,ebit,basic-shares-outstanding,shares-outstanding,eps-basic-net-earnings-per-share,eps-earnings-per-share-diluted,cash-on-hand,inventory,other-current-assets,total-current-assets,net-property-plant-equipment,long-term-investments,goodwill-intangible-assets-total,other-long-term-assets,total-long-term-assets,total-assets,total-current-liabilities,long-term-debt,other-non-current-liabilities,total-long-term-liabilities,total-liabilities,common-stock-net,retained-earnings-accumulated-deficit,comprehensive-income,total-share-holder-equity,total-liabilities-share-holders-equity,net-income-loss,total-depreciation-amortization-cash-flow,other-non-cash-items,total-non-cash-items,change-in-accounts-receivable,change-in-inventories,change-in-accounts-payable,change-in-assets-liabilities,total-change-in-assets-liabilities,cash-flow-from-operating-activities,net-change-in-property-plant-equipment,net-change-in-intangible-assets,net-acquisitions-divestitures,net-change-in-short-term-investments,net-change-in-long-term-investments,net-change-in-investments-total,investing-activities-other,cash-flow-from-investing-activities,net-long-term-debt,net-current-debt,debt-issuance-retirement-net-total,net-common-equity-issued-repurchased,net-total-equity-issued-repurchased,total-common-preferred-stock-dividends-paid,financial-activities-other,cash-flow-from-financial-activities,net-cash-flow,stock-based-compensation,common-stock-dividends-paid
0,2018-09-30,176.83,$22.55,7.84,$75.92,2.33,$21.65,8.17,$5.71,30.97,$1.20B,$1.11B,1.09,$1.83B,$1.21B,1.51,$4.11B,$1.91B,46.53%,$4.11B,$0.56B,13.73%,$4.11B,$0.56B,13.73%,$4.11B,$0.77B,18.75%,$4.11B,$0.45B,11.05%,$4.11B,$0.31B,7.55%,$0.31B,$1.21B,30.24%,$0.31B,$-1.54B,-18.04%,$0.31B,$4.40B,7.21%,$0.56B,$3.04B,18.63%,$1092,$587,$505,$113,$195,$930,$162,$-19,$143,$16,$127,$127,$127,$210,$162,$54,54,$2.37,$2.34,$45,$493,$0,$1201,$251,$0,$2756,$101,$3199,$4400,$1105,$1829,$92,$2082,$3187,$1,$1573,$-29,$1213,$4400,$306,$143,$30,$173,$-93,$-16,$69,$18,$-25,$460,$-48,$0,$-72,$0,$0,$0,$0,$-120,$-346,$0,$-346,$8,$8,$0,$-13,$-351,$-17,$34,$0
1,2018-06-30,143.25,$19.98,7.17,$73.76,1.94,$17.41,8.23,$3.14,45.62,$1.11B,$1.01B,1.09,$1.91B,$1.07B,1.78,$3.95B,$1.84B,46.46%,$3.95B,$0.49B,12.48%,$3.95B,$0.49B,12.48%,$3.95B,$0.74B,18.71%,$3.95B,$0.30B,7.70%,$3.95B,$0.17B,4.33%,$0.17B,$1.07B,18.48%,$0.17B,$-1.64B,-9.35%,$0.17B,$4.28B,3.95%,$0.49B,$2.99B,15.99%,$1012,$540,$472,$109,$214,$887,$125,$-25,$100,$30,$70,$70,$70,$175,$125,$54,54,$1.31,$1.29,$46,$465,$0,$1109,$254,$0,$2714,$94,$3166,$4275,$1014,$1914,$124,$2188,$3202,$1,$1446,$-30,$1073,$4275,$179,$95,$11,$106,$-26,$-11,$21,$13,$-27,$266,$-33,$0,$0,$0,$0,$0,$0,$-33,$-235,$0,$-235,$6,$6,$0,$-13,$-242,$-16,$24,$0
2,2018-03-31,139.19,$18.37,7.58,$71.98,1.93,$16.53,8.42,$2.17,64.14,$1.05B,$0.93B,1.13,$2.09B,$0.98B,2.13,$3.83B,$1.77B,46.27%,$3.83B,$0.43B,11.11%,$3.83B,$0.43B,11.11%,$3.83B,$0.70B,18.26%,$3.83B,$0.22B,5.82%,$3.83B,$0.12B,3.08%,$0.12B,$0.98B,13.72%,$0.12B,$-1.76B,-6.13%,$0.12B,$4.25B,2.70%,$0.43B,$3.07B,13.55%,$977,$512,$465,$101,$191,$833,$144,$-11,$133,$24,$109,$109,$109,$189,$144,$53,54,$2.04,$2.01,$64,$448,$0,$1053,$262,$0,$2739,$80,$3196,$4249,$932,$2090,$102,$2336,$3268,$1,$1376,$-46,$981,$4249,$109,$45,$-5,$40,$9,$6,$-12,$12,$-37,$116,$-18,$0,$0,$0,$-2,$-2,$0,$-20,$-95,$0,$-95,$3,$3,$0,$0,$-92,$2,$10,$0
3,2017-12-31,103.8,$15.67,6.63,$70.22,1.48,$16.67,6.22,$0.32,324.38,$1.06B,$1.00B,1.06,$2.18B,$0.83B,2.61,$3.72B,$1.71B,45.94%,$3.72B,$0.32B,8.65%,$3.72B,$0.32B,8.65%,$3.72B,$0.62B,16.77%,$3.72B,$0.09B,2.36%,$3.72B,$0.02B,0.46%,$0.02B,$0.83B,2.09%,$0.02B,$-1.93B,-0.85%,$0.02B,$4.28B,0.38%,$0.32B,$3.01B,10.01%,$1026,$557,$469,$98,$199,$893,$133,$-55,$78,$74,$4,$4,$4,$196,$133,$53,54,$0.07,$0.07,$62,$458,$0,$1063,$264,$0,$2764,$65,$3212,$4275,$1000,$2176,$117,$2441,$3441,$1,$1248,$-52,$834,$4275,$17,$302,$93,$395,$161,$-110,$-40,$33,$74,$478,$-50,$0,$0,$0,$-1,$-1,$0,$-51,$-454,$0,$-454,$12,$12,$0,$-75,$-517,$-94,$35,$0
4,2017-09-30,108.58,$15.30,7.1,$69.37,1.57,$14.58,7.45,$0.59,184.03,$1.27B,$1.04B,1.22,$2.45B,$0.81B,3.01,$3.64B,$1.67B,45.99%,$3.64B,$0.26B,7.15%,$3.64B,$0.26B,7.15%,$3.64B,$0.58B,15.89%,$3.64B,$0.03B,0.82%,$3.64B,$0.03B,0.82%,$0.03B,$0.81B,3.73%,$0.03B,$-1.98B,-1.45%,$0.03B,$4.53B,0.66%,$0.26B,$3.27B,7.82%,$935,$506,$429,$96,$184,$844,$91,$-98,$-7,$5,$-12,$-12,$-12,$179,$91,$52,52,$-0.23,$-0.23,$88,$492,$0,$1266,$267,$0,$2797,$71,$3260,$4526,$1039,$2451,$93,$2673,$3712,$1,$1244,$-55,$814,$4526,$13,$239,$56,$295,$38,$-145,$10,$44,$-92,$210,$-36,$0,$0,$0,$-1,$-1,$0,$-37,$-187,$0,$-187,$9,$9,$0,$-59,$-237,$-68,$25,$0
5,2017-06-30,100.52,$15.29,6.57,$68.95,1.46,$15.17,6.63,$-0.79,0.0,$1.14B,$0.98B,1.16,$2.42B,$0.81B,2.98,$3.61B,$1.66B,45.97%,$3.61B,$0.15B,4.02%,$3.61B,$0.15B,4.02%,$3.61B,$0.53B,14.61%,$3.61B,$-0.04B,-1.11%,$3.61B,$-0.04B,-1.14%,$-0.04B,$0.81B,-5.21%,$-0.04B,$-2.03B,1.93%,$-0.04B,$4.45B,-0.90%,$0.15B,$3.23B,4.27%,$896,$485,$411,$99,$182,$838,$58,$-39,$19,$2,$17,$17,$17,$136,$58,$52,53,$0.33,$0.32,$95,$414,$0,$1136,$273,$0,$2844,$68,$3309,$4445,$983,$2418,$108,$2650,$3633,$1,$1256,$-57,$812,$4445,$25,$151,$6,$157,$104,$-68,$13,$35,$28,$203,$-22,$0,$0,$0,$0,$0,$0,$-22,$-240,$0,$-240,$7,$7,$0,$-5,$-238,$-61,$15,$0
6,2017-03-31,91.25,$15.07,6.06,$69.15,1.32,$13.49,6.76,$-2.06,0.0,$1.17B,$0.92B,1.27,$2.57B,$0.80B,3.24,$3.59B,$1.65B,46.04%,$3.59B,$0.11B,3.06%,$3.59B,$0.11B,3.06%,$3.59B,$0.50B,13.84%,$3.59B,$-0.09B,-2.56%,$3.59B,$-0.10B,-2.87%,$-0.10B,$0.80B,-13.07%,$-0.10B,$-2.10B,4.68%,$-0.10B,$4.53B,-2.21%,$0.11B,$3.37B,3.14%,$865,$464,$401,$96,$184,$825,$40,$-42,$-2,$-10,$8,$8,$8,$113,$40,$52,53,$0.16,$0.16,$180,$376,$0,$1169,$284,$0,$2890,$67,$3362,$4531,$921,$2573,$112,$2815,$3736,$1,$1239,$-49,$795,$4531,$8,$73,$-1,$72,$79,$-31,$-52,$47,$41,$117,$-13,$0,$0,$0,$0,$0,$0,$-13,$-80,$0,$-80,$4,$4,$0,$-2,$-78,$24,$7,$0
7,2016-12-31,85.76,$14.98,5.73,$69.36,1.24,$13.03,6.58,$-2.78,0.0,$1.22B,$0.95B,1.29,$2.65B,$0.79B,3.34,$3.57B,$1.64B,45.94%,$3.57B,$0.08B,2.24%,$3.57B,$0.08B,2.24%,$3.57B,$0.48B,13.32%,$3.57B,$-0.13B,-3.61%,$3.57B,$-0.14B,-3.83%,$-0.14B,$0.79B,-17.03%,$-0.14B,$-2.15B,6.06%,$-0.14B,$4.63B,-2.87%,$0.08B,$3.44B,2.21%,$942,$510,$432,$92,$189,$871,$71,$-51,$20,$3,$17,$17,$17,$150,$71,$52,52,$0.34,$0.34,$156,$345,$0,$1222,$292,$0,$2938,$67,$3410,$4632,$949,$2648,$116,$2891,$3840,$1,$1240,$-45,$792,$4632,$-137,$396,$-14,$382,$34,$34,$125,$14,$137,$380,$-77,$0,$39,$0,$-1,$-1,$0,$-39,$-382,$0,$-382,$11,$11,$0,$-13,$-384,$-36,$27,$0
8,2016-09-30,69.61,$14.16,4.92,$69.74,1.0,$7.16,9.73,$-3.25,0.0,$1.27B,$0.93B,1.36,$2.79B,$0.75B,3.73,$3.58B,$1.64B,45.72%,$3.58B,$0.02B,0.42%,$3.58B,$0.02B,0.42%,$3.58B,$0.42B,11.58%,$3.58B,$-0.19B,-5.39%,$3.58B,$-0.18B,-5.05%,$-0.18B,$0.75B,-21.81%,$-0.18B,$-2.25B,7.83%,$-0.18B,$4.70B,-3.72%,$0.02B,$3.54B,0.40%,$904,$490,$414,$96,$186,$928,$-24,$-53,$-77,$6,$-83,$-83,$-83,$128,$-24,$52,52,$-1.61,$-1.61,$163,$345,$68,$1265,$292,$0,$2993,$65,$3433,$4698,$932,$2788,$129,$3018,$3950,$1,$1223,$-61,$748,$4698,$-154,$317,$19,$336,$46,$38,$63,$18,$73,$252,$-49,$0,$0,$0,$-1,$-1,$0,$-50,$-235,$0,$-235,$8,$8,$0,$-11,$-238,$-29,$20,$0
9,2016-06-30,50.1,$15.48,3.24,$70.16,0.71,$3.79,13.2,$-2.21,0.0,$1.22B,$0.87B,1.41,$2.87B,$0.82B,3.52,$3.60B,$1.64B,45.56%,$3.60B,$0.06B,1.78%,$3.60B,$0.06B,1.78%,$3.60B,$0.39B,10.93%,$3.60B,$-0.14B,-3.92%,$3.60B,$-0.13B,-3.53%,$-0.13B,$0.82B,-14.58%,$-0.13B,$-2.32B,5.41%,$-0.13B,$4.81B,-2.55%,$0.06B,$3.69B,1.67%,$879,$473,$406,$95,$189,$856,$23,$-56,$-33,$12,$-45,$-45,$-45,$106,$23,$52,52,$-0.88,$-0.88,$141,$362,$0,$1222,$301,$0,$3133,$78,$3583,$4805,$870,$2873,$127,$3118,$3988,$1,$1306,$-64,$817,$4805,$-71,$165,$17,$182,$43,$35,$51,$25,$19,$124,$-35,$0,$0,$0,$-1,$-1,$0,$-36,$-145,$0,$-145,$5,$5,$0,$-6,$-146,$-51,$12,$0
10,2016-03-31,69.0,$16.47,4.19,$70.58,0.98,$1.50,46.05,$-2.76,0.0,$1.28B,$0.89B,1.44,$2.94B,$0.86B,3.41,$3.61B,$1.63B,45.06%,$3.61B,$0.03B,0.75%,$3.61B,$0.03B,0.75%,$3.61B,$0.36B,9.98%,$3.61B,$-0.16B,-4.46%,$3.61B,$-0.16B,-4.41%,$-0.16B,$0.86B,-17.57%,$-0.16B,$-2.33B,6.69%,$-0.16B,$4.94B,-3.12%,$0.03B,$3.80B,0.69%,$849,$459,$390,$93,$187,$839,$10,$-49,$-39,$-13,$-26,$-26,$-26,$92,$10,$51,51,$-0.50,$-0.50,$194,$386,$0,$1281,$300,$0,$3192,$89,$3655,$4936,$888,$2937,$132,$3187,$4075,$1,$1351,$-66,$861,$4936,$-26,$82,$14,$96,$65,$12,$20,$4,$19,$96,$-19,$0,$0,$0,$-1,$-1,$0,$-20,$-80,$0,$-80,$3,$3,$0,$0,$-77,$2,$9,$0
11,2015-12-31,69.65,$17.12,4.07,$71.66,0.97,$0.19,357.73,$-2.70,0.0,$1.33B,$0.90B,1.49,$3.01B,$0.89B,3.37,$3.65B,$1.64B,45.04%,$3.65B,$0.04B,1.01%,$3.65B,$0.04B,1.01%,$3.65B,$0.37B,10.22%,$3.65B,$-0.18B,-4.93%,$3.65B,$-0.16B,-4.33%,$-0.16B,$0.89B,-16.70%,$-0.16B,$-2.35B,6.59%,$-0.16B,$5.04B,-3.03%,$0.04B,$3.91B,0.92%,$951,$523,$428,$98,$207,$945,$6,$-50,$-44,$-17,$-27,$-27,$-27,$89,$6,$51,51,$-0.53,$-0.53,$192,$397,$0,$1334,$298,$0,$3247,$91,$3706,$5040,$895,$3012,$115,$3252,$4147,$1,$1377,$-48,$893,$5040,$-158,$336,$-101,$235,$2,$-13,$-21,$9,$19,$122,$-122,$0,$-52,$0,$26,$26,$0,$-148,$-165,$0,$-165,$17,$17,$0,$-13,$-161,$-202,$31,$0
12,2015-09-30,76.55,$17.54,4.36,$68.41,1.12,$4.26,17.96,$-3.59,0.0,$1.49B,$0.90B,1.66,$3.04B,$0.91B,3.33,$3.49B,$1.55B,44.47%,$3.49B,$0.01B,0.20%,$3.49B,$0.01B,0.20%,$3.49B,$0.32B,9.03%,$3.49B,$-0.23B,-6.53%,$3.49B,$-0.18B,-5.24%,$-0.18B,$0.91B,-18.62%,$-0.18B,$-2.39B,7.53%,$-0.18B,$5.18B,-3.42%,$0.01B,$3.96B,0.17%,$916,$502,$414,$100,$187,$891,$25,$-50,$-25,$4,$-29,$-29,$-29,$106,$25,$51,51,$-0.57,$-0.57,$258,$408,$0,$1489,$292,$0,$3305,$93,$3690,$5179,$899,$3043,$86,$3366,$4265,$1,$1405,$-46,$914,$5179,$-131,$253,$-15,$238,$41,$-26,$8,$-25,$13,$116,$-87,$0,$-52,$0,$27,$27,$0,$-112,$-130,$0,$-130,$14,$14,$0,$-2,$-118,$-136,$25,$0
13,2015-06-30,111.05,$18.27,6.08,$56.39,1.97,$5.83,19.06,$-2.73,0.0,$1.46B,$0.87B,1.67,$3.04B,$0.95B,3.2,$2.88B,$1.29B,44.84%,$2.88B,$0.01B,0.31%,$2.88B,$0.01B,0.31%,$2.88B,$0.25B,8.52%,$2.88B,$-0.18B,-6.19%,$2.88B,$-0.14B,-4.83%,$-0.14B,$0.95B,-13.58%,$-0.14B,$-2.43B,8.60%,$-0.14B,$5.22B,-3.18%,$0.01B,$3.99B,0.27%,$890,$497,$393,$100,$195,$904,$-14,$-39,$-53,$24,$-77,$-77,$-77,$73,$-14,$51,51,$-1.50,$-1.50,$205,$404,$0,$1456,$285,$0,$3381,$95,$3760,$5217,$873,$3040,$86,$3392,$4265,$1,$1434,$-26,$952,$5217,$-102,$172,$-17,$155,$48,$-23,$-43,$-1,$-36,$20,$-49,$0,$-49,$0,$26,$26,$0,$-72,$-130,$0,$-130,$11,$11,$0,$-2,$-121,$-189,$18,$0
14,2015-03-31,90.72,$19.80,4.58,$44.54,2.04,$8.38,10.82,$-0.69,0.0,$1.62B,$0.90B,1.81,$3.14B,$1.03B,3.07,$2.28B,$1.04B,45.67%,$2.28B,$0.06B,2.46%,$2.28B,$0.06B,2.46%,$2.28B,$0.21B,9.41%,$2.28B,$-0.09B,-4.13%,$2.28B,$-0.03B,-1.49%,$-0.03B,$1.03B,-3.25%,$-0.03B,$-2.42B,4.24%,$-0.03B,$5.46B,-1.01%,$0.06B,$4.17B,2.14%,$893,$484,$409,$96,$188,$873,$20,$-78,$-58,$-33,$-25,$-25,$-25,$105,$20,$51,51,$-0.50,$-0.50,$330,$405,$0,$1619,$270,$0,$3444,$121,$3836,$5455,$896,$3144,$88,$3533,$4429,$1,$1510,$-16,$1026,$5455,$-25,$85,$5,$90,$28,$-25,$-27,$16,$-31,$36,$-26,$0,$-49,$0,$26,$26,$0,$-49,$-50,$0,$-50,$8,$8,$0,$2,$-40,$-64,$9,$0
15,2014-12-31,77.41,$20.13,3.84,$32.57,2.38,$9.12,8.49,$0.63,122.87,$1.67B,$0.95B,1.75,$3.16B,$1.04B,3.04,$1.67B,$0.78B,46.59%,$1.67B,$0.09B,5.33%,$1.67B,$0.09B,5.33%,$1.67B,$0.17B,10.24%,$1.67B,$0.02B,1.08%,$1.67B,$0.03B,1.98%,$0.03B,$1.04B,3.16%,$0.03B,$-2.48B,-13200.00%,$0.03B,$5.54B,1.43%,$0.09B,$4.20B,4.86%,$791,$455,$336,$79,$164,$815,$-24,$-68,$-92,$-40,$-52,$-52,$-52,$31,$-24,$51,51,$-1.02,$-1.02,$418,$394,$0,$1672,$255,$0,$3519,$93,$3867,$5539,$953,$3156,$74,$3546,$4499,$1,$1535,$-9,$1040,$5539,$32,$83,$-21,$62,$-70,$-2,$62,$-3,$146,$248,$-39,$0,$-3399,$0,$327,$327,$0,$-3111,$3189,$0,$3189,$26,$26,$0,$-23,$3192,$331,$20,$0
16,2014-09-30,70.97,$21.15,3.36,$22.74,3.12,$8.46,8.39,$2.47,28.73,$0.92B,$0.16B,5.82,$0.00B,$1.08B,0.0,$1.16B,$0.58B,50.04%,$1.16B,$0.16B,13.93%,$1.16B,$0.16B,13.93%,$1.16B,$0.20B,17.02%,$1.16B,$0.16B,13.76%,$1.16B,$0.13B,10.83%,$0.13B,$1.08B,12.31%,$0.13B,$0.86B,15.69%,$0.13B,$1.28B,10.54%,$0.16B,$1.08B,15.83%,$303,$152,$152,$25,$62,$276,$27,$-2,$25,$10,$15,$15,$15,$36,$27,$51,51,$0.29,$0.29,$542,$140,$0,$921,$113,$0,$215,$34,$362,$1283,$158,$0,$19,$48,$206,$1,$1587,$-4,$1077,$1283,$84,$27,$14,$41,$-11,$-19,$8,$-8,$-2,$130,$-20,$0,$0,$0,$-130,$-130,$0,$-150,$0,$0,$0,$13,$13,$0,$5,$18,$-3,$10,$0
17,2014-06-30,82.32,$20.65,3.99,$22.02,3.74,$8.75,9.41,$2.94,28.0,$0.86B,$0.12B,6.97,$0.00B,$1.05B,0.0,$1.12B,$0.56B,49.73%,$1.12B,$0.18B,16.19%,$1.12B,$0.18B,16.19%,$1.12B,$0.22B,19.31%,$1.12B,$0.18B,16.19%,$1.12B,$0.15B,13.35%,$0.15B,$1.05B,15.28%,$0.15B,$0.83B,19.16%,$0.15B,$1.22B,13.25%,$0.18B,$1.05B,18.54%,$288,$146,$142,$24,$62,$255,$33,$-2,$31,$3,$28,$28,$28,$42,$33,$51,51,$0.54,$0.54,$526,$126,$0,$859,$107,$0,$219,$33,$360,$1219,$123,$0,$18,$48,$171,$1,$1572,$-8,$1048,$1219,$69,$18,$9,$27,$11,$-5,$-5,$3,$12,$110,$-8,$0,$0,$0,$-106,$-106,$0,$-114,$0,$0,$0,$9,$9,$0,$3,$12,$8,$7,$0
18,2014-03-31,69.41,$19.98,3.47,$21.34,3.25,$8.37,8.29,$3.00,23.14,$0.80B,$0.11B,7.19,$0.00B,$1.01B,0.0,$1.09B,$0.54B,49.40%,$1.09B,$0.19B,16.99%,$1.09B,$0.19B,16.99%,$1.09B,$0.22B,20.11%,$1.09B,$0.19B,17.36%,$1.09B,$0.15B,14.05%,$0.15B,$1.01B,16.21%,$0.15B,$0.79B,19.94%,$0.15B,$1.16B,14.14%,$0.19B,$1.01B,19.60%,$288,$140,$148,$23,$64,$235,$53,$0,$54,$12,$42,$42,$42,$62,$53,$50,51,$0.83,$0.82,$466,$119,$0,$801,$108,$3,$222,$29,$361,$1162,$111,$0,$16,$42,$153,$1,$1544,$-9,$1009,$1162,$42,$9,$3,$12,$-5,$2,$-2,$3,$-4,$50,$-2,$0,$0,$0,$-64,$-64,$0,$-66,$0,$0,$0,$5,$5,$0,$0,$5,$-11,$3,$0
19,2013-12-31,54.08,$19.04,2.84,$20.29,2.66,$7.87,6.87,$2.64,20.48,$0.75B,$0.12B,6.33,$0.00B,$0.96B,0.0,$1.04B,$0.50B,48.46%,$1.04B,$0.16B,15.41%,$1.04B,$0.16B,15.41%,$1.04B,$0.19B,18.59%,$1.04B,$0.16B,15.80%,$1.04B,$0.14B,13.01%,$0.14B,$0.96B,14.79%,$0.14B,$0.73B,17.79%,$0.14B,$1.12B,13.01%,$0.16B,$0.96B,17.52%,$284,$144,$140,$24,$60,$236,$49,$2,$50,$9,$41,$41,$41,$58,$49,$51,51,$0.83,$0.81,$413,$121,$0,$754,$110,$0,$225,$31,$366,$1120,$119,$0,$6,$42,$161,$1,$1503,$-10,$959,$1120,$134,$32,$17,$49,$-7,$3,$7,$2,$11,$194,$-20,$-2,$-95,$0,$-36,$-36,$0,$-153,$0,$0,$0,$-40,$-40,$0,$-4,$-44,$-2,$13,$0
20,2013-09-30,45.56,$18.12,2.51,$19.61,2.32,$7.57,6.02,$2.50,18.22,$0.78B,$0.10B,7.91,$0.00B,$0.91B,0.0,$1.01B,$0.49B,48.36%,$1.01B,$0.16B,15.39%,$1.01B,$0.16B,15.39%,$1.01B,$0.20B,19.46%,$1.01B,$0.16B,15.69%,$1.01B,$0.13B,12.81%,$0.13B,$0.91B,14.54%,$0.13B,$0.78B,17.06%,$0.13B,$1.03B,12.90%,$0.16B,$0.91B,17.46%,$264,$135,$129,$22,$57,$217,$47,$0,$47,$9,$39,$39,$39,$55,$47,$51,51,$0.76,$0.76,$464,$107,$0,$779,$101,$3,$129,$17,$248,$1028,$99,$0,$15,$19,$117,$1,$1461,$-10,$910,$1028,$93,$23,$10,$34,$-7,$17,$-0,$4,$10,$137,$-14,$-2,$224,$0,$-299,$-299,$0,$-90,$0,$0,$0,$-52,$-52,$0,$4,$-48,$-1,$9,$0
21,2013-06-30,43.44,$17.66,2.46,$19.30,2.25,$7.42,5.85,$2.26,19.22,$0.76B,$0.10B,7.49,$0.00B,$0.90B,0.0,$1.00B,$0.49B,48.74%,$1.00B,$0.15B,14.77%,$1.00B,$0.15B,14.77%,$1.00B,$0.19B,18.79%,$1.00B,$0.15B,14.97%,$1.00B,$0.12B,11.76%,$0.12B,$0.90B,13.48%,$0.12B,$0.77B,15.91%,$0.12B,$1.02B,11.96%,$0.15B,$0.90B,16.93%,$253,$132,$121,$23,$58,$217,$36,$1,$38,$7,$31,$31,$31,$44,$36,$51,51,$0.60,$0.60,$446,$109,$0,$763,$102,$8,$130,$15,$256,$1019,$102,$0,$17,$20,$122,$1,$1423,$-10,$897,$1019,$54,$15,$7,$23,$-2,$14,$3,$3,$13,$91,$-9,$-1,$0,$0,$-70,$-70,$0,$-79,$0,$0,$0,$-24,$-24,$0,$4,$-21,$-9,$7,$0
22,2013-03-31,47.13,$17.37,2.71,$19.11,2.47,$7.23,6.52,$2.25,20.95,$0.73B,$0.08B,9.14,$0.00B,$0.89B,0.0,$0.99B,$0.48B,48.94%,$0.99B,$0.15B,15.17%,$0.99B,$0.15B,15.17%,$0.99B,$0.19B,19.01%,$0.99B,$0.15B,15.27%,$0.99B,$0.12B,11.83%,$0.12B,$0.89B,13.78%,$0.12B,$0.75B,16.10%,$0.12B,$0.98B,12.24%,$0.15B,$0.89B,17.66%,$237,$124,$113,$22,$59,$209,$28,$1,$29,$5,$24,$24,$24,$36,$28,$51,51,$0.46,$0.46,$414,$116,$0,$730,$101,$3,$132,$15,$253,$984,$80,$0,$16,$17,$97,$1,$1392,$-9,$886,$984,$24,$7,$3,$10,$-1,$7,$-7,$1,$-11,$24,$-2,$-1,$0,$0,$-39,$-39,$0,$-42,$0,$0,$0,$2,$2,$0,$0,$2,$-15,$2,$0
23,2012-12-31,39.31,$16.83,2.34,$19.16,2.05,$7.35,5.35,$2.37,16.59,$0.71B,$0.10B,7.47,$0.00B,$0.86B,0.0,$1.00B,$0.49B,49.30%,$1.00B,$0.16B,16.47%,$1.00B,$0.16B,16.47%,$1.00B,$0.20B,20.08%,$1.00B,$0.16B,16.47%,$1.00B,$0.12B,12.35%,$0.12B,$0.86B,14.86%,$0.12B,$0.72B,17.21%,$0.12B,$0.97B,13.14%,$0.16B,$0.86B,19.82%,$253,$129,$124,$23,$54,$209,$44,$-0,$44,$9,$35,$35,$35,$61,$44,$52,52,$0.68,$0.68,$389,$123,$0,$711,$101,$5,$134,$14,$257,$968,$95,$0,$14,$16,$111,$1,$1369,$-10,$857,$968,$123,$35,$21,$56,$-9,$12,$-15,$12,$12,$183,$-22,$-4,$-32,$0,$-47,$-47,$0,$-106,$0,$0,$0,$-51,$-51,$0,$2,$-49,$28,$15,$0
24,2012-09-30,37.49,$16.25,2.31,$18.84,1.99,$5.20,7.21,$2.36,15.89,$0.53B,$0.09B,5.71,$0.00B,$0.83B,0.0,$0.99B,$0.49B,49.39%,$0.99B,$0.16B,16.36%,$0.99B,$0.16B,16.36%,$0.99B,$0.19B,18.89%,$0.99B,$0.16B,16.26%,$0.99B,$0.12B,12.42%,$0.12B,$0.83B,15.23%,$0.12B,$0.70B,17.44%,$0.12B,$0.94B,13.39%,$0.16B,$0.83B,20.06%,$252,$125,$127,$22,$55,$213,$39,$-0,$38,$12,$27,$27,$27,$46,$39,$52,52,$0.53,$0.52,$213,$123,$0,$531,$103,$156,$134,$9,$410,$941,$93,$0,$13,$15,$108,$1,$1334,$-9,$833,$941,$88,$19,$21,$40,$-6,$12,$-11,$15,$13,$135,$-17,$-3,$-32,$0,$-30,$-30,$0,$-83,$0,$0,$0,$-38,$-38,$0,$1,$-36,$16,$11,$0
25,2012-06-30,34.36,$15.88,2.16,$18.70,1.84,$3.24,10.61,$2.68,12.82,$0.58B,$0.09B,6.17,$0.00B,$0.82B,0.0,$0.99B,$0.49B,49.04%,$0.99B,$0.17B,17.36%,$0.99B,$0.17B,17.36%,$0.99B,$0.20B,19.78%,$0.99B,$0.17B,17.26%,$0.99B,$0.14B,14.23%,$0.14B,$0.82B,17.94%,$0.14B,$0.73B,20.28%,$0.14B,$0.93B,15.73%,$0.17B,$0.82B,21.89%,$247,$127,$120,$22,$57,$208,$39,$0,$40,$9,$30,$30,$31,$45,$39,$52,52,$0.59,$0.59,$253,$117,$0,$582,$101,$134,$91,$9,$347,$929,$94,$0,$12,$13,$108,$1,$1306,$-6,$821,$929,$61,$12,$7,$19,$-1,$17,$-10,$2,$8,$85,$-11,$0,$14,$0,$4,$4,$0,$8,$0,$0,$0,$-25,$-25,$0,$1,$-23,$69,$8,$0
26,2012-03-31,41.18,$15.39,2.68,$18.42,2.24,$1.75,23.56,$2.69,15.31,$0.55B,$0.09B,5.93,$0.00B,$0.80B,0.0,$0.99B,$0.49B,49.29%,$0.99B,$0.18B,18.18%,$0.99B,$0.18B,18.18%,$0.99B,$0.20B,20.61%,$0.99B,$0.18B,17.88%,$0.99B,$0.14B,14.44%,$0.14B,$0.80B,18.58%,$0.14B,$0.71B,21.04%,$0.14B,$0.91B,16.22%,$0.18B,$0.80B,23.39%,$244,$124,$120,$20,$56,$202,$42,$-0,$42,$12,$30,$30,$30,$48,$42,$52,52,$0.58,$0.58,$217,$126,$0,$550,$102,$145,$92,$4,$355,$905,$93,$0,$12,$13,$106,$1,$1276,$-8,$799,$905,$30,$6,$3,$9,$-2,$7,$-3,$11,$2,$37,$-8,$0,$14,$0,$-29,$-29,$0,$-23,$0,$0,$0,$-8,$-8,$0,$0,$-8,$6,$4,$0
27,2011-12-31,35.78,$14.91,2.4,$18.01,1.99,$1.03,34.66,$3.21,11.15,$0.59B,$0.11B,5.37,$0.00B,$0.78B,0.0,$0.98B,$0.49B,49.64%,$0.98B,$0.18B,18.51%,$0.98B,$0.18B,18.51%,$0.98B,$0.21B,20.96%,$0.98B,$0.18B,18.21%,$0.98B,$0.18B,17.80%,$0.18B,$0.78B,23.08%,$0.18B,$0.69B,26.14%,$0.18B,$0.90B,19.91%,$0.18B,$0.78B,24.00%,$247,$126,$122,$23,$55,$205,$42,$-1,$41,$8,$33,$33,$35,$48,$42,$54,54,$0.69,$0.68,$219,$133,$0,$585,$98,$108,$92,$4,$314,$899,$109,$0,$12,$13,$122,$1,$1246,$-4,$777,$899,$175,$24,$-45,$-21,$-3,$-20,$-5,$-27,$-81,$78,$-27,$-1,$161,$0,$-80,$-80,$0,$53,$0,$0,$0,$-147,$-147,$0,$1,$-146,$-11,$14,$0
28,2011-09-30,30.94,$14.24,2.17,$17.52,1.77,$2.02,15.33,$3.04,10.18,$0.54B,$0.09B,5.72,$0.00B,$0.75B,0.0,$0.97B,$0.48B,49.48%,$0.97B,$0.18B,18.87%,$0.97B,$0.18B,18.87%,$0.97B,$0.21B,21.55%,$0.97B,$0.18B,18.66%,$0.97B,$0.17B,17.32%,$0.17B,$0.75B,22.51%,$0.17B,$0.66B,25.51%,$0.17B,$0.85B,19.22%,$0.18B,$0.75B,24.51%,$253,$130,$124,$23,$51,$204,$49,$-1,$48,$14,$34,$34,$45,$55,$49,$53,54,$0.84,$0.84,$191,$120,$0,$540,$95,$108,$87,$4,$312,$852,$94,$0,$10,$11,$106,$1,$1211,$-7,$746,$852,$140,$18,$-51,$-33,$-10,$-7,$-8,$-27,$-74,$35,$-18,$-0,$161,$0,$-45,$-45,$0,$98,$0,$0,$0,$-137,$-137,$0,$1,$-136,$-2,$11,$0
29,2011-06-30,42.17,$13.95,3.02,$16.83,2.51,$3.07,13.73,$2.66,15.85,$0.57B,$0.10B,5.47,$0.00B,$0.76B,0.0,$0.95B,$0.47B,49.10%,$0.95B,$0.17B,18.37%,$0.95B,$0.17B,18.37%,$0.95B,$0.20B,21.33%,$0.95B,$0.17B,18.37%,$0.95B,$0.15B,15.73%,$0.15B,$0.76B,20.06%,$0.15B,$0.67B,23.82%,$0.15B,$0.87B,16.95%,$0.17B,$0.76B,23.43%,$246,$124,$122,$22,$52,$199,$47,$-0,$46,$13,$33,$33,$33,$53,$47,$55,55,$0.60,$0.60,$257,$118,$0,$568,$93,$86,$88,$4,$304,$871,$104,$0,$10,$12,$116,$1,$1166,$-13,$756,$871,$95,$12,$-57,$-45,$6,$-5,$-5,$-17,$-39,$7,$-11,$0,$161,$0,$-38,$-38,$0,$111,$0,$0,$0,$-74,$-74,$0,$1,$-73,$47,$8,$0
30,2011-03-31,39.24,$13.78,2.85,$16.15,2.43,$4.05,9.7,$2.45,16.02,$0.55B,$0.13B,4.29,$0.00B,$0.75B,0.0,$0.92B,$0.44B,48.04%,$0.92B,$0.16B,17.28%,$0.92B,$0.16B,17.28%,$0.92B,$0.19B,20.54%,$0.92B,$0.16B,17.50%,$0.92B,$0.14B,15.11%,$0.14B,$0.75B,18.94%,$0.14B,$0.67B,23.65%,$0.14B,$0.89B,15.94%,$0.16B,$0.75B,21.66%,$237,$117,$120,$22,$51,$193,$44,$0,$44,$14,$30,$30,$62,$50,$44,$55,56,$1.11,$1.10,$245,$121,$0,$549,$91,$131,$89,$4,$346,$894,$128,$0,$10,$12,$140,$1,$1133,$-13,$754,$894,$62,$6,$-61,$-55,$13,$-7,$-7,$-17,$-9,$-5,$-4,$0,$164,$0,$-85,$-85,$0,$75,$0,$0,$0,$-39,$-39,$0,$1,$-38,$34,$4,$0
31,2010-12-31,37.99,$13.10,2.9,$15.53,2.45,$4.63,8.21,$1.77,21.46,$0.59B,$0.14B,4.34,$0.00B,$0.73B,0.0,$0.90B,$0.42B,46.93%,$0.90B,$0.15B,16.54%,$0.90B,$0.15B,16.54%,$0.90B,$0.18B,20.11%,$0.90B,$0.15B,16.87%,$0.90B,$0.10B,11.40%,$0.10B,$0.73B,14.05%,$0.10B,$0.64B,18.55%,$0.10B,$0.88B,11.93%,$0.15B,$0.73B,20.39%,$234,$120,$114,$22,$50,$191,$43,$-0,$43,$13,$30,$30,$28,$51,$43,$57,57,$0.50,$0.50,$173,$113,$0,$592,$87,$85,$89,$4,$287,$879,$136,$0,$10,$12,$149,$1,$1071,$-9,$730,$879,$102,$31,$10,$41,$-5,$-34,$7,$1,$1,$142,$-31,$-3,$0,$0,$-5,$-5,$0,$-40,$0,$0,$0,$-93,$-93,$0,$0,$-93,$10,$12,$0
32,2010-09-30,33.64,$12.93,2.6,$14.10,2.39,$4.05,8.3,$1.57,21.43,$0.46B,$0.13B,3.55,$0.00B,$0.73B,0.0,$0.82B,$0.36B,44.50%,$0.82B,$0.13B,16.26%,$0.82B,$0.13B,16.26%,$0.82B,$0.17B,20.17%,$0.82B,$0.14B,16.75%,$0.82B,$0.09B,11.25%,$0.09B,$0.73B,12.76%,$0.09B,$0.53B,17.85%,$0.09B,$0.87B,10.92%,$0.13B,$0.73B,18.44%,$230,$121,$109,$22,$46,$189,$40,$0,$41,$13,$27,$27,$26,$48,$40,$57,57,$0.46,$0.46,$172,$96,$0,$456,$85,$90,$204,$5,$416,$872,$128,$0,$10,$13,$141,$1,$1043,$-10,$731,$872,$74,$24,$11,$35,$-14,$-16,$7,$-3,$-3,$102,$-24,$-3,$0,$0,$-7,$-7,$0,$-34,$0,$0,$0,$-60,$-60,$0,$0,$-60,$10,$8,$0
33,2010-06-30,25.37,$12.60,2.01,$13.47,1.88,$3.42,7.42,$1.30,19.52,$0.44B,$0.11B,4.09,$0.00B,$0.72B,0.0,$0.79B,$0.35B,43.98%,$0.79B,$0.11B,13.69%,$0.79B,$0.11B,13.69%,$0.79B,$0.14B,17.87%,$0.79B,$0.11B,14.20%,$0.79B,$0.08B,9.76%,$0.08B,$0.72B,10.77%,$0.08B,$0.52B,15.18%,$0.08B,$0.84B,9.30%,$0.11B,$0.72B,15.10%,$219,$119,$99,$21,$46,$187,$32,$1,$33,$10,$22,$22,$23,$40,$32,$57,58,$0.39,$0.39,$179,$85,$0,$443,$81,$76,$204,$4,$398,$842,$108,$0,$10,$13,$121,$1,$1017,$-9,$721,$842,$47,$16,$8,$24,$-2,$-5,$7,$-9,$-3,$67,$-15,$-2,$0,$0,$-6,$-6,$0,$-23,$0,$0,$0,$-42,$-42,$0,$0,$-42,$4,$5,$0
34,2010-03-31,29.6,$12.49,2.37,$12.85,2.3,$2.85,10.4,$1.06,27.92,$0.43B,$0.09B,4.58,$0.00B,$0.72B,0.0,$0.76B,$0.33B,43.54%,$0.76B,$0.09B,11.74%,$0.76B,$0.09B,11.74%,$0.76B,$0.12B,16.09%,$0.76B,$0.09B,12.14%,$0.76B,$0.06B,8.31%,$0.06B,$0.72B,8.88%,$0.06B,$0.52B,12.62%,$0.06B,$0.83B,7.69%,$0.09B,$0.72B,12.54%,$212,$114,$98,$18,$44,$179,$33,$1,$34,$8,$26,$26,$25,$41,$33,$58,58,$0.43,$0.42,$174,$82,$0,$426,$78,$80,$206,$4,$401,$827,$93,$0,$9,$13,$106,$1,$994,$-9,$721,$827,$25,$8,$6,$13,$4,$-2,$1,$-1,$-3,$30,$-6,$0,$0,$0,$-11,$-11,$0,$-17,$0,$0,$0,$-17,$-17,$0,$0,$-17,$-2,$2,$0
35,2009-12-31,28.35,$12.21,2.32,$12.40,2.29,$2.30,12.35,$0.80,35.44,$0.41B,$0.11B,3.92,$0.00B,$0.71B,0.0,$0.74B,$0.32B,43.03%,$0.74B,$0.07B,9.47%,$0.74B,$0.07B,9.47%,$0.74B,$0.10B,13.94%,$0.74B,$0.07B,9.74%,$0.74B,$0.05B,6.36%,$0.05B,$0.71B,6.68%,$0.05B,$0.50B,9.58%,$0.05B,$0.83B,5.78%,$0.07B,$0.71B,9.95%,$157,$99,$58,$2,$32,$130,$28,$1,$29,$10,$19,$19,$18,$36,$28,$59,59,$0.29,$0.29,$155,$80,$0,$411,$78,$92,$209,$5,$420,$830,$105,$0,$9,$14,$118,$1,$969,$-8,$712,$830,$47,$33,$25,$58,$9,$22,$-16,$4,$1,$106,$-25,$-0,$0,$0,$-15,$-15,$0,$-41,$0,$0,$0,$-60,$-60,$0,$0,$-60,$7,$11,$0
36,2009-09-30,25.93,$12.01,2.16,$13.36,1.94,$2.45,10.6,$-1.38,0.0,$0.38B,$0.09B,4.06,$0.00B,$0.71B,0.0,$0.82B,$0.37B,45.52%,$0.82B,$-0.09B,-11.04%,$0.82B,$-0.09B,-11.04%,$0.82B,$-0.06B,-6.75%,$0.82B,$-0.09B,-10.55%,$0.82B,$-0.09B,-10.80%,$-0.09B,$0.71B,-12.52%,$-0.09B,$0.49B,-18.03%,$-0.09B,$0.81B,-10.74%,$-0.09B,$0.71B,-12.80%,$201,$109,$92,$21,$49,$186,$15,$1,$16,$5,$11,$11,$11,$24,$15,$59,59,$0.19,$0.19,$132,$80,$0,$378,$79,$91,$212,$5,$435,$813,$93,$0,$9,$14,$107,$1,$952,$-8,$707,$813,$29,$24,$12,$37,$14,$23,$-21,$3,$-4,$63,$-19,$-0,$0,$0,$8,$8,$0,$-12,$0,$0,$0,$-46,$-46,$0,$0,$-46,$6,$9,$0
37,2009-06-30,23.66,$11.84,2.0,$13.73,1.72,$2.51,9.41,$-1.17,0.0,$0.37B,$0.09B,3.97,$0.00B,$0.70B,0.0,$0.86B,$0.40B,46.27%,$0.86B,$-0.06B,-7.46%,$0.86B,$-0.06B,-7.46%,$0.86B,$-0.03B,-3.38%,$0.86B,$-0.07B,-7.69%,$0.86B,$-0.07B,-8.51%,$-0.07B,$0.70B,-9.75%,$-0.07B,$0.49B,-14.84%,$-0.07B,$0.81B,-8.34%,$-0.06B,$0.70B,-8.55%,$188,$106,$82,$21,$42,$175,$13,$0,$13,$4,$9,$9,$9,$21,$13,$59,59,$0.15,$0.15,$118,$93,$0,$373,$78,$89,$214,$5,$435,$809,$94,$0,$11,$15,$109,$1,$940,$-8,$699,$809,$18,$16,$6,$22,$18,$10,$-14,$2,$-10,$32,$-13,$-0,$0,$0,$30,$30,$0,$17,$0,$0,$0,$-40,$-40,$0,$0,$-40,$12,$6,$0
38,2009-03-31,19.02,$11.69,1.63,$14.45,1.32,$2.64,7.2,$-0.93,0.0,$0.36B,$0.09B,3.92,$0.00B,$0.70B,0.0,$0.92B,$0.44B,47.94%,$0.92B,$-0.04B,-4.33%,$0.92B,$-0.04B,-4.33%,$0.92B,$-0.00B,-0.43%,$0.92B,$-0.04B,-4.33%,$0.92B,$-0.06B,-6.06%,$-0.06B,$0.70B,-6.97%,$-0.06B,$0.48B,-11.09%,$-0.06B,$0.80B,-5.95%,$-0.04B,$0.70B,-4.98%,$193,$107,$86,$22,$45,$178,$14,$-0,$14,$4,$9,$9,$9,$22,$14,$60,60,$0.16,$0.16,$94,$101,$0,$364,$77,$95,$214,$5,$439,$803,$93,$0,$11,$16,$108,$1,$931,$-14,$695,$803,$9,$8,$6,$14,$13,$-1,$-7,$2,$-25,$-1,$-7,$-0,$0,$0,$38,$38,$0,$30,$0,$0,$0,$-27,$-27,$0,$0,$-27,$1,$3,$0
39,2008-12-31,20.26,$11.68,1.73,$14.96,1.35,$3.17,6.39,$-0.67,0.0,$0.40B,$0.13B,3.18,$0.00B,$0.71B,0.0,$0.98B,$0.48B,49.13%,$0.98B,$-0.02B,-1.54%,$0.98B,$-0.02B,-1.54%,$0.98B,$0.02B,2.25%,$0.98B,$-0.01B,-1.23%,$0.98B,$-0.04B,-3.79%,$-0.04B,$0.71B,-4.33%,$-0.04B,$0.49B,-7.13%,$-0.04B,$0.85B,-3.68%,$-0.02B,$0.71B,-1.76%,$233,$122,$111,$24,$49,$365,$-132,$4,$-129,$-11,$-117,$-117,$-117,$-122,$-132,$65,65,$-1.81,$-1.81,$121,$100,$0,$397,$75,$104,$218,$5,$454,$851,$125,$0,$10,$15,$140,$1,$922,$-13,$711,$851,$-38,$39,$155,$194,$-22,$-26,$18,$9,$-21,$138,$-41,$-1,$-19,$0,$67,$67,$15,$21,$0,$0,$0,$-150,$-150,$0,$0,$-150,$-5,$15,$0
40,2008-09-30,27.85,$14.04,1.98,$14.74,1.89,$3.64,7.66,$1.66,16.78,$0.44B,$0.13B,3.25,$0.00B,$0.89B,0.0,$0.98B,$0.48B,49.28%,$0.98B,$0.15B,15.75%,$0.98B,$0.15B,15.75%,$0.98B,$0.19B,19.33%,$0.98B,$0.16B,16.67%,$0.98B,$0.11B,11.35%,$0.11B,$0.89B,12.31%,$0.11B,$0.51B,20.94%,$0.11B,$1.04B,10.55%,$0.15B,$0.89B,17.07%,$244,$126,$118,$24,$50,$203,$41,$-5,$36,$10,$26,$26,$26,$50,$41,$64,65,$0.40,$0.40,$130,$106,$0,$436,$71,$117,$379,$5,$601,$1038,$134,$0,$9,$14,$149,$1,$1039,$5,$889,$1038,$79,$28,$5,$33,$-30,$-23,$8,$14,$-34,$81,$-29,$-1,$-19,$0,$64,$64,$15,$30,$0,$0,$0,$-103,$-103,$0,$0,$-103,$9,$11,$0
41,2008-06-30,32.64,$14.10,2.31,$14.11,2.31,$4.19,7.78,$1.65,19.78,$0.43B,$0.14B,3.05,$0.00B,$0.92B,0.0,$0.95B,$0.47B,49.32%,$0.95B,$0.15B,15.77%,$0.95B,$0.15B,15.77%,$0.95B,$0.18B,19.24%,$0.95B,$0.17B,17.67%,$0.95B,$0.11B,11.78%,$0.11B,$0.92B,12.27%,$0.11B,$0.54B,19.33%,$0.11B,$1.07B,10.64%,$0.15B,$0.92B,16.43%,$254,$126,$128,$25,$56,$217,$37,$2,$39,$13,$26,$26,$26,$46,$37,$65,66,$0.39,$0.39,$126,$101,$0,$430,$79,$144,$381,$8,$641,$1070,$141,$0,$10,$12,$153,$1,$1014,$6,$917,$1070,$53,$19,$3,$22,$-30,$-15,$13,$8,$-25,$51,$-20,$-0,$-18,$0,$36,$36,$0,$-3,$0,$0,$0,$-45,$-45,$0,$0,$-45,$4,$7,$0
42,2008-03-31,33.32,$13.75,2.42,$13.24,2.52,$4.62,7.21,$1.63,20.44,$0.44B,$0.16B,2.83,$0.00B,$0.90B,0.0,$0.91B,$0.44B,48.57%,$0.91B,$0.15B,16.23%,$0.91B,$0.15B,16.23%,$0.91B,$0.18B,19.54%,$0.91B,$0.17B,18.54%,$0.91B,$0.11B,12.36%,$0.11B,$0.90B,12.18%,$0.11B,$0.54B,17.82%,$0.11B,$1.07B,10.74%,$0.15B,$0.90B,15.99%,$246,$123,$123,$22,$54,$207,$39,$3,$42,$15,$28,$28,$28,$48,$39,$66,67,$0.42,$0.42,$157,$89,$0,$444,$70,$149,$363,$9,$623,$1067,$157,$0,$10,$11,$167,$1,$988,$4,$899,$1067,$28,$9,$-0,$9,$-21,$-4,$3,$4,$1,$32,$-6,$0,$0,$0,$16,$16,$0,$10,$0,$0,$0,$-24,$-24,$0,$0,$-24,$19,$3,$0
43,2007-12-31,34.7,$13.60,2.55,$12.55,2.77,$4.53,7.65,$1.60,21.69,$0.42B,$0.12B,3.45,$0.00B,$0.90B,0.0,$0.87B,$0.42B,47.99%,$0.87B,$0.14B,16.46%,$0.87B,$0.14B,16.46%,$0.87B,$0.17B,19.56%,$0.87B,$0.17B,19.22%,$0.87B,$0.11B,12.77%,$0.11B,$0.90B,12.03%,$0.11B,$0.54B,16.59%,$0.11B,$1.03B,10.81%,$0.14B,$0.90B,15.50%,$234,$120,$113,$24,$50,$197,$37,$9,$46,$15,$31,$31,$31,$45,$37,$68,69,$0.46,$0.45,$139,$85,$0,$421,$68,$142,$366,$9,$613,$1034,$122,$0,$8,$9,$132,$1,$961,$5,$903,$1034,$110,$27,$11,$37,$4,$-0,$-3,$-2,$15,$158,$-22,$-5,$-287,$0,$257,$257,$0,$-57,$0,$0,$0,$-104,$-104,$0,$1,$-103,$-1,$15,$0
44,2007-09-30,36.49,$13.71,2.66,$12.12,3.01,$3.53,10.33,$1.45,25.17,$0.54B,$0.09B,5.76,$0.00B,$0.93B,0.0,$0.85B,$0.40B,47.57%,$0.85B,$0.13B,15.62%,$0.85B,$0.13B,15.62%,$0.85B,$0.16B,18.34%,$0.85B,$0.15B,18.11%,$0.85B,$0.10B,11.95%,$0.10B,$0.93B,11.02%,$0.10B,$0.71B,13.87%,$0.10B,$1.04B,10.01%,$0.13B,$0.93B,14.41%,$217,$113,$105,$14,$51,$180,$37,$4,$41,$14,$27,$27,$27,$44,$37,$69,69,$0.39,$0.39,$299,$85,$0,$537,$63,$171,$224,$12,$501,$1038,$93,$0,$11,$12,$106,$1,$930,$7,$933,$1038,$79,$19,$8,$27,$-1,$0,$-6,$2,$6,$110,$-16,$-3,$-141,$0,$83,$83,$0,$-77,$0,$0,$0,$-41,$-41,$0,$1,$-41,$-8,$11,$0
45,2007-06-30,38.74,$13.64,2.84,$11.60,3.34,$2.54,15.26,$1.00,38.74,$0.43B,$0.08B,5.64,$0.00B,$0.94B,0.0,$0.81B,$0.39B,47.30%,$0.81B,$0.08B,9.71%,$0.81B,$0.08B,9.71%,$0.81B,$0.10B,12.16%,$0.81B,$0.10B,12.53%,$0.81B,$0.07B,8.60%,$0.07B,$0.94B,7.67%,$0.07B,$0.73B,9.27%,$0.07B,$1.03B,7.03%,$0.08B,$0.94B,8.66%,$209,$110,$99,$14,$49,$175,$34,$5,$39,$14,$26,$26,$26,$40,$34,$69,70,$0.37,$0.37,$209,$79,$0,$434,$62,$286,$210,$12,$598,$1033,$77,$0,$12,$12,$89,$1,$903,$8,$943,$1033,$52,$12,$6,$18,$7,$4,$-7,$-0,$1,$73,$-11,$0,$-127,$0,$86,$86,$0,$-52,$0,$0,$0,$0,$0,$0,$1,$1,$22,$7,$0
46,2007-03-31,38.61,$13.19,2.93,$11.23,3.44,$2.18,17.7,$1.02,37.85,$0.42B,$0.08B,5.4,$0.00B,$0.91B,0.0,$0.79B,$0.38B,47.47%,$0.79B,$0.08B,10.48%,$0.79B,$0.08B,10.48%,$0.79B,$0.10B,12.63%,$0.79B,$0.11B,13.26%,$0.79B,$0.07B,9.09%,$0.07B,$0.91B,7.94%,$0.07B,$0.70B,9.23%,$0.07B,$1.00B,7.31%,$0.08B,$0.91B,9.15%,$209,$109,$100,$14,$46,$173,$35,$6,$41,$14,$27,$27,$27,$41,$35,$69,69,$0.39,$0.39,$185,$80,$0,$422,$60,$267,$212,$11,$579,$1001,$78,$0,$11,$12,$90,$1,$877,$7,$911,$1001,$27,$6,$4,$9,$-7,$3,$-12,$3,$-10,$27,$-5,$0,$-127,$0,$107,$107,$0,$-25,$0,$0,$0,$-2,$-2,$0,$0,$-1,$0,$3,$0
47,2006-12-31,34.79,$12.75,2.73,$10.69,3.25,$2.16,16.08,$1.00,34.79,$0.48B,$0.08B,6.41,$0.00B,$0.88B,0.0,$0.76B,$0.36B,47.30%,$0.76B,$0.08B,10.67%,$0.76B,$0.08B,10.67%,$0.76B,$0.10B,12.65%,$0.76B,$0.10B,13.44%,$0.76B,$0.07B,9.35%,$0.07B,$0.88B,7.88%,$0.07B,$0.77B,8.82%,$0.07B,$0.96B,7.30%,$0.08B,$0.88B,8.99%,$210,$111,$98,$13,$46,$184,$26,$6,$32,$10,$21,$21,$21,$30,$26,$71,71,$0.31,$0.30,$261,$81,$0,$480,$57,$298,$105,$11,$483,$963,$75,$0,$10,$11,$85,$1,$850,$7,$878,$963,$71,$16,$11,$27,$-4,$-13,$-2,$-1,$-9,$88,$-19,$-18,$-3,$0,$21,$21,$0,$-19,$0,$0,$0,$-58,$-58,$0,$2,$-56,$15,$8,$0
