,Date,Stock Price,Book Value per Share,Price to Book Ratio,TTM Sales per Share,Price to Sales Ratio,TTM FCF per Share,Price to FCF Ratio,TTM Net EPS,PE Ratio,Current Assets,Current Liabilities,Current Ratio,Long Term Debt,Shareholder's Equity_x,Debt to Equity Ratio,TTM Revenue_x,TTM Gross Profit,Gross Margin,TTM Revenue_y,TTM Operating Income,Operating Margin,TTM Revenue_x,TTM EBIT,EBIT Margin,TTM Revenue_y,TTM EBITDA,EBITDA Margin,TTM Revenue_x,TTM Pre-Tax Income,Pre-Tax Margin,TTM Revenue_y,TTM Net Income_x,Net Margin,TTM Net Income_y,Shareholder's Equity_y,Return on Equity,TTM Net Income_x,Tangible Equity,Return on Tangible Equity,TTM Net Income_y,Total Assets,Return on Assets,TTM Net Income,LT Investments & Debt,Return on Investment,revenue,cost-goods-sold,gross-profit,research-development-expenses,selling-general-administrative-expenses,operating-expenses,operating-income,total-non-operating-income-expense,pre-tax-income,total-provision-income-taxes,income-after-taxes,income-from-continuous-operations,net-income,ebitda,ebit,basic-shares-outstanding,shares-outstanding,eps-basic-net-earnings-per-share,eps-earnings-per-share-diluted,cash-on-hand,inventory,other-current-assets,total-current-assets,net-property-plant-equipment,long-term-investments,goodwill-intangible-assets-total,other-long-term-assets,total-long-term-assets,total-assets,total-current-liabilities,long-term-debt,other-non-current-liabilities,total-long-term-liabilities,total-liabilities,common-stock-net,retained-earnings-accumulated-deficit,comprehensive-income,total-share-holder-equity,total-liabilities-share-holders-equity,net-income-loss,total-depreciation-amortization-cash-flow,other-non-cash-items,total-non-cash-items,change-in-accounts-receivable,change-in-inventories,change-in-accounts-payable,change-in-assets-liabilities,total-change-in-assets-liabilities,cash-flow-from-operating-activities,net-change-in-property-plant-equipment,net-change-in-intangible-assets,net-acquisitions-divestitures,net-change-in-short-term-investments,net-change-in-long-term-investments,net-change-in-investments-total,investing-activities-other,cash-flow-from-investing-activities,net-long-term-debt,net-current-debt,debt-issuance-retirement-net-total,net-common-equity-issued-repurchased,net-total-equity-issued-repurchased,total-common-preferred-stock-dividends-paid,financial-activities-other,cash-flow-from-financial-activities,net-cash-flow,stock-based-compensation,common-stock-dividends-paid
0,2018-09-30,50.15,$39.30,1.28,$14.09,3.56,$10.20,4.92,$3.56,14.09,$47.23B,$57.57B,0.82,$0.88B,$6.99B,0.13,$2.94B,$2.73B,92.96%,$2.94B,$1.12B,38.08%,$2.94B,0,0.00%,$2.94B,0,0.00%,$2.94B,$1.11B,37.88%,$2.94B,$0.75B,25.43%,$0.75B,$7.55B,9.81%,$0.75B,$6.54B,11.32%,$0.75B,$66.73B,1.12%,$1.12B,$8.43B,13.77%,$767,$66,$701,$0,$409,$475,$292,$0,$292,$69,$223,$223,$215,$0,$0,$193,206,$1.11,$1.04,$1843,$0,$0,$47234,$1111,$16403,$1015,$968,$19497,$66731,$57565,$879,$734,$1613,$59178,$0,$3296,$-361,$7553,$66731,$658,$141,$-28,$113,$-32,$-28,$0,$132,$72,$825,$-90,$0,$0,$146,$184,$330,$-979,$-739,$497,$-1196,$-699,$-415,$-415,$-172,$1169,$-117,$-31,$22,$-172
1,2018-06-30,52.39,$39.00,1.34,$13.70,3.83,$9.83,5.33,$3.24,16.17,$46.76B,$57.74B,0.81,$0.38B,$7.06B,0.05,$2.87B,$2.69B,93.87%,$2.87B,$1.07B,37.32%,$2.87B,0,0.00%,$2.87B,0,0.00%,$2.87B,$1.07B,37.11%,$2.87B,$0.69B,23.87%,$0.69B,$7.62B,8.92%,$0.69B,$6.61B,10.28%,$0.69B,$66.46B,1.03%,$1.07B,$8.00B,13.29%,$744,$58,$686,$0,$433,$491,$253,$0,$253,$56,$197,$197,$187,$0,$0,$196,209,$0.95,$0.89,$1931,$0,$0,$46755,$1099,$16559,$1015,$1029,$19702,$66457,$57738,$383,$715,$1098,$58836,$4231,$3139,$-315,$7621,$66457,$435,$92,$-15,$77,$-34,$-59,$0,$33,$-60,$438,$-54,$0,$0,$40,$116,$156,$-431,$-329,$0,$-819,$-819,$-231,$-231,$-104,$965,$-189,$-80,$18,$-104
2,2018-03-31,52.21,$38.79,1.35,$13.45,3.88,$10.31,5.06,$3.08,16.95,$46.73B,$57.83B,0.81,$0.38B,$7.08B,0.05,$2.82B,$2.67B,94.74%,$2.82B,$1.07B,37.86%,$2.82B,0,0.00%,$2.82B,0,0.00%,$2.82B,$1.06B,37.64%,$2.82B,$0.65B,23.15%,$0.65B,$7.64B,8.46%,$0.65B,$6.63B,9.74%,$0.65B,$66.48B,0.99%,$1.07B,$8.03B,13.17%,$727,$47,$680,$0,$372,$419,$308,$0,$308,$70,$238,$238,$231,$0,$0,$197,210,$1.16,$1.09,$2026,$0,$0,$46726,$1098,$16737,$1016,$904,$19755,$66481,$57830,$383,$624,$1007,$58837,$4346,$2999,$-267,$7644,$66481,$238,$43,$-21,$22,$-33,$4,$0,$52,$23,$275,$-28,$0,$0,$-117,$28,$-89,$-312,$-429,$0,$-110,$-110,$-112,$-112,$-49,$347,$76,$-78,$13,$-49
3,2017-12-31,50.15,$38.87,1.29,$13.07,3.84,$10.71,4.68,$2.60,19.29,$46.30B,$57.60B,0.8,$0.38B,$7.11B,0.05,$2.74B,$2.61B,95.36%,$2.74B,$0.94B,34.43%,$2.74B,0,0.00%,$2.74B,0,0.00%,$2.74B,$0.94B,34.21%,$2.74B,$0.55B,20.10%,$0.55B,$7.68B,7.12%,$0.55B,$6.66B,8.19%,$0.55B,$66.29B,0.84%,$0.94B,$8.06B,11.61%,$703,$36,$667,$0,$400,$436,$267,$0,$261,$136,$125,$125,$115,$0,$0,$201,210,$0.57,$0.54,$1992,$0,$0,$46298,$1094,$16960,$1016,$920,$19990,$66288,$57597,$383,$629,$1012,$58609,$4445,$2807,$-139,$7679,$66288,$592,$179,$182,$361,$97,$-33,$0,$-60,$4,$928,$-169,$0,$0,$683,$-2314,$-1631,$-2119,$-3919,$-153,$4149,$3996,$-307,$-451,$-129,$-614,$2802,$-189,$25,$-129
4,2017-09-30,46.39,$38.86,1.19,$12.80,3.62,$9.05,5.13,$2.66,17.44,$45.52B,$56.72B,0.8,$0.38B,$7.20B,0.05,$2.66B,$2.55B,95.79%,$2.66B,$0.88B,33.13%,$2.66B,0,0.00%,$2.66B,0,0.00%,$2.66B,$0.88B,33.13%,$2.66B,$0.56B,21.00%,$0.56B,$7.76B,7.24%,$0.56B,$6.74B,8.34%,$0.56B,$65.56B,0.86%,$0.88B,$8.14B,10.57%,$696,$35,$661,$0,$418,$453,$243,$0,$243,$83,$160,$160,$152,$0,$0,$200,209,$0.75,$0.72,$1829,$0,$0,$45515,$1083,$16996,$1017,$953,$20049,$65564,$56723,$383,$697,$1080,$57803,$4552,$2700,$-57,$7761,$65564,$469,$131,$54,$185,$71,$59,$0,$54,$184,$803,$-133,$0,$0,$748,$-2193,$-1445,$-1499,$-3077,$-153,$3797,$3644,$-197,$-341,$-89,$-1136,$2078,$-196,$21,$-89
5,2017-06-30,43.06,$38.34,1.12,$12.58,3.42,$7.17,6.0,$2.51,17.15,$45.33B,$56.72B,0.8,$0.38B,$7.18B,0.05,$2.60B,$2.50B,96.20%,$2.60B,$0.83B,31.94%,$2.60B,0,0.00%,$2.60B,0,0.00%,$2.60B,$0.83B,31.94%,$2.60B,$0.52B,20.14%,$0.52B,$7.75B,6.81%,$0.52B,$6.73B,7.85%,$0.52B,$65.45B,0.82%,$0.83B,$8.13B,9.93%,$690,$30,$660,$0,$412,$442,$248,$0,$248,$80,$168,$168,$154,$0,$0,$202,208,$0.76,$0.73,$2136,$0,$0,$45328,$1069,$17128,$1019,$902,$20118,$65446,$56720,$383,$594,$977,$57697,$4660,$2572,$-49,$7749,$65446,$308,$84,$53,$137,$89,$54,$0,$12,$155,$576,$-94,$0,$0,$385,$-2316,$-1931,$-1028,$-3053,$-153,$3515,$3362,$-84,$-228,$-55,$-858,$2221,$-256,$17,$-55
6,2017-03-31,41.11,$38.15,1.08,$12.26,3.35,$5.39,7.62,$2.22,18.52,$45.06B,$56.61B,0.8,$0.38B,$7.02B,0.06,$2.53B,$2.43B,96.40%,$2.53B,$0.76B,29.98%,$2.53B,0,0.00%,$2.53B,0,0.00%,$2.53B,$0.76B,29.98%,$2.53B,$0.46B,18.26%,$0.46B,$7.73B,6.01%,$0.46B,$6.71B,6.94%,$0.46B,$65.46B,0.74%,$0.76B,$8.11B,8.99%,$647,$26,$621,$0,$437,$463,$184,$0,$184,$45,$139,$139,$129,$0,$0,$202,210,$0.63,$0.61,$2730,$0,$0,$45056,$1047,$17394,$1021,$945,$20407,$65463,$56612,$383,$738,$1121,$57733,$4696,$2435,$-111,$7730,$65463,$139,$37,$43,$80,$36,$76,$0,$63,$175,$380,$-50,$0,$0,$-145,$-2573,$-2718,$-112,$-2880,$-153,$2311,$2158,$-41,$-41,$-29,$241,$2329,$-171,$12,$-29
7,2016-12-31,42.05,$37.59,1.12,$12.08,3.48,$4.64,9.06,$1.99,21.13,$45.09B,$53.24B,0.85,$1.36B,$6.92B,0.2,$2.47B,$2.38B,96.48%,$2.47B,$0.71B,28.54%,$2.47B,0,0.00%,$2.47B,0,0.00%,$2.47B,$0.71B,28.54%,$2.47B,$0.41B,16.64%,$0.41B,$7.63B,5.38%,$0.41B,$6.61B,6.21%,$0.41B,$63.24B,0.68%,$0.71B,$9.00B,8.29%,$629,$21,$608,$0,$399,$422,$207,$0,$207,$70,$137,$137,$124,$0,$0,$204,204,$0.61,$0.60,$2831,$0,$0,$45085,$1020,$15124,$1022,$988,$18154,$63239,$53236,$1362,$1007,$2369,$55605,$4725,$2321,$-122,$7634,$63239,$469,$123,$94,$217,$1,$-67,$0,$-9,$-75,$596,$-196,$0,$0,$4749,$-5914,$-1165,$-2075,$-3436,$-280,$480,$200,$-72,$-198,$-108,$2885,$2779,$-61,$26,$-108
8,2016-09-30,30.24,$37.67,0.8,$11.91,2.54,$4.19,7.21,$1.82,16.62,$45.93B,$51.96B,0.88,$0.57B,$6.97B,0.08,$2.43B,$2.34B,96.30%,$2.43B,$0.65B,26.52%,$2.43B,0,0.00%,$2.43B,0,0.00%,$2.43B,$0.65B,26.52%,$2.43B,$0.38B,15.46%,$0.38B,$7.68B,4.94%,$0.38B,$6.66B,5.71%,$0.38B,$61.04B,0.63%,$0.65B,$8.25B,7.74%,$636,$22,$614,$0,$420,$444,$192,$0,$192,$65,$127,$127,$117,$0,$0,$204,205,$0.57,$0.57,$3826,$0,$0,$45929,$987,$11967,$1024,$1132,$15110,$61039,$51964,$570,$825,$1395,$53360,$4748,$2212,$10,$7679,$61039,$332,$88,$95,$183,$-9,$-60,$0,$-7,$-76,$415,$-143,$0,$0,$3563,$-2915,$648,$-1936,$-1431,$-244,$768,$524,$-43,$-169,$-81,$497,$771,$-245,$22,$-81
9,2016-06-30,24.43,$37.18,0.66,$11.65,2.1,$4.24,5.77,$1.66,14.72,$45.49B,$50.54B,0.9,$0.70B,$6.92B,0.1,$2.38B,$2.28B,95.84%,$2.38B,$0.60B,25.02%,$2.38B,0,0.00%,$2.38B,0,0.00%,$2.38B,$0.60B,25.02%,$2.38B,$0.34B,14.42%,$0.34B,$7.63B,4.51%,$0.34B,$6.60B,5.22%,$0.34B,$59.64B,0.58%,$0.60B,$8.33B,7.07%,$613,$22,$591,$0,$415,$439,$174,$0,$174,$60,$114,$114,$91,$0,$0,$204,205,$0.44,$0.44,$3454,$0,$0,$45494,$956,$11041,$1026,$1126,$14149,$59643,$50541,$699,$777,$1475,$52017,$4783,$2110,$24,$7626,$59643,$204,$54,$72,$126,$3,$-71,$0,$-55,$-123,$202,$-92,$0,$0,$3952,$-1964,$1988,$-1886,$10,$-115,$-77,$-192,$-3,$-129,$-50,$-79,$-450,$-238,$16,$-50
10,2016-03-31,23.48,$37.28,0.63,$10.88,2.16,$4.22,5.56,$1.21,19.41,$46.13B,$50.12B,0.92,$0.80B,$6.80B,0.12,$2.22B,$2.11B,95.08%,$2.22B,$0.44B,19.86%,$2.22B,0,0.00%,$2.22B,0,0.00%,$2.22B,$0.44B,19.86%,$2.22B,$0.25B,11.33%,$0.25B,$7.63B,3.31%,$0.25B,$6.60B,3.84%,$0.25B,$59.18B,0.43%,$0.44B,$8.43B,5.19%,$592,$22,$570,$0,$436,$460,$132,$0,$132,$41,$91,$91,$79,$0,$0,$204,204,$0.38,$0.38,$5210,$0,$0,$46125,$925,$10189,$1028,$912,$13055,$59180,$50120,$802,$632,$1434,$51554,$4778,$2031,$-12,$7626,$59180,$91,$25,$42,$67,$39,$-18,$0,$25,$46,$207,$-40,$0,$0,$2102,$-1123,$979,$-787,$152,$-11,$-115,$-126,$0,$0,$-27,$-486,$-639,$-280,$11,$-27
11,2015-12-31,26.41,$36.73,0.72,$10.76,2.45,$3.68,7.18,$1.20,22.01,$47.77B,$50.72B,0.94,$0.81B,$6.68B,0.12,$2.19B,$2.07B,94.61%,$2.19B,$0.45B,20.59%,$2.19B,0,0.00%,$2.19B,0,0.00%,$2.19B,$0.45B,20.59%,$2.19B,$0.25B,11.28%,$0.25B,$7.51B,3.28%,$0.25B,$6.48B,3.80%,$0.25B,$59.67B,0.42%,$0.45B,$8.32B,5.30%,$591,$25,$567,$0,$418,$445,$147,$0,$147,$45,$102,$102,$89,$0,$0,$203,204,$0.43,$0.43,$7574,$0,$0,$47768,$905,$9037,$1030,$924,$11897,$59665,$50721,$812,$624,$1436,$52157,$4767,$1967,$-55,$7508,$59665,$309,$86,$156,$242,$-6,$22,$0,$-73,$-57,$464,$-157,$0,$0,$1837,$-3739,$-1902,$-520,$-2579,$-288,$103,$-185,$15,$-161,$-108,$2525,$2071,$-44,$25,$-108
12,2015-09-30,26.59,$37.39,0.71,$10.84,2.45,$3.23,8.23,$1.13,23.53,$48.22B,$49.19B,0.98,$0.95B,$6.63B,0.14,$2.17B,$2.05B,94.25%,$2.17B,$0.43B,19.78%,$2.17B,0,0.00%,$2.17B,0,0.00%,$2.17B,$0.43B,19.78%,$2.17B,$0.23B,10.35%,$0.23B,$7.64B,3.00%,$0.23B,$6.61B,3.48%,$0.23B,$58.41B,0.39%,$0.43B,$8.58B,5.03%,$582,$31,$551,$0,$407,$440,$142,$0,$142,$41,$101,$101,$84,$0,$0,$204,204,$0.41,$0.41,$8560,$0,$0,$48216,$874,$7395,$1033,$893,$10195,$58411,$49193,$945,$636,$1580,$50773,$4756,$1895,$-17,$7638,$58411,$207,$110,$105,$215,$3,$-3,$0,$-17,$-16,$386,$-106,$0,$0,$680,$-2057,$-1377,$-11,$-1494,$-164,$28,$-136,$20,$20,$-80,$1065,$869,$-239,$0,$-80
13,2015-06-30,30.58,$36.96,0.83,$10.91,2.8,$2.94,10.41,$1.12,27.3,$49.47B,$49.16B,1.01,$1.05B,$6.53B,0.16,$2.17B,$2.03B,93.68%,$2.17B,$0.44B,20.16%,$2.17B,0,0.00%,$2.17B,0,0.00%,$2.17B,$0.44B,20.16%,$2.17B,$0.22B,10.15%,$0.22B,$7.53B,2.97%,$0.22B,$6.50B,3.45%,$0.22B,$58.37B,0.38%,$0.44B,$8.58B,5.14%,$451,$32,$419,$0,$397,$431,$19,$0,$19,$5,$14,$14,$-1,$0,$0,$203,203,$-0.01,$-0.01,$9898,$0,$0,$49465,$857,$6087,$1035,$922,$8900,$58365,$49164,$1051,$620,$1671,$50835,$4738,$1823,$-35,$7530,$58365,$106,$69,$96,$165,$-20,$-4,$0,$-69,$-93,$174,$-67,$0,$0,$-501,$-740,$-1242,$86,$-1223,$-53,$-17,$-70,$6,$6,$-52,$1082,$966,$-84,$0,$-52
14,2015-03-31,25.96,$36.69,0.71,$11.87,2.19,$2.58,10.06,$1.69,15.36,$48.79B,$48.33B,1.01,$1.09B,$6.45B,0.17,$2.31B,$2.15B,93.41%,$2.31B,$0.61B,26.38%,$2.31B,0,0.00%,$2.31B,0,0.00%,$2.31B,$0.61B,26.38%,$2.31B,$0.33B,14.10%,$0.33B,$7.45B,4.51%,$0.33B,$6.42B,5.27%,$0.33B,$57.56B,0.58%,$0.61B,$8.54B,7.14%,$566,$31,$535,$0,$389,$423,$143,$0,$143,$51,$92,$92,$75,$0,$0,$203,203,$0.37,$0.37,$9103,$0,$0,$48792,$845,$5912,$1037,$970,$8764,$57556,$48327,$1089,$685,$1775,$50102,$4729,$1837,$-115,$7454,$57556,$92,$34,$3,$38,$4,$-1,$0,$-40,$-37,$89,$-34,$0,$0,$253,$-539,$-286,$-94,$-413,$-8,$-41,$-49,$1,$1,$-23,$274,$203,$-121,$0,$-23
15,2014-12-31,27.37,$36.30,0.75,$12.35,2.22,$2.60,10.54,$1.73,15.82,$49.07B,$48.09B,1.02,$1.09B,$6.37B,0.17,$2.35B,$2.17B,92.67%,$2.35B,$0.62B,26.52%,$2.35B,0,0.00%,$2.35B,0,0.00%,$2.35B,$0.62B,26.52%,$2.35B,$0.33B,13.90%,$0.33B,$7.37B,4.66%,$0.33B,$6.33B,5.48%,$0.33B,$57.21B,0.58%,$0.62B,$8.46B,7.26%,$575,$32,$544,$0,$416,$450,$126,$0,$126,$44,$82,$82,$67,$0,$0,$192,193,$0.31,$0.31,$9477,$0,$0,$49068,$830,$5357,$1040,$914,$8140,$57209,$48092,$1092,$655,$1747,$49839,$4724,$1770,$-128,$7370,$57209,$398,$58,$-47,$11,$39,$-36,$0,$-8,$-6,$380,$-176,$0,$0,$-105,$-71,$-177,$-916,$-1269,$-1223,$-96,$-1319,$521,$521,$-96,$1452,$557,$-331,$0,$-96
16,2014-09-30,27.62,$36.09,0.77,$11.86,2.33,$5.59,4.94,$1.05,26.3,$47.70B,$46.46B,1.03,$1.11B,$6.32B,0.18,$2.23B,$2.03B,91.07%,$2.23B,$0.43B,19.43%,$2.23B,0,0.00%,$2.23B,0,0.00%,$2.23B,$0.43B,19.43%,$2.23B,$0.20B,8.97%,$0.20B,$7.32B,2.95%,$0.20B,$6.28B,3.50%,$0.20B,$55.46B,0.36%,$0.43B,$8.44B,5.01%,$576,$43,$533,$0,$381,$427,$149,$0,$149,$53,$96,$96,$79,$0,$0,$197,197,$0.40,$0.40,$8465,$0,$0,$47703,$811,$5029,$1042,$873,$7755,$55459,$46457,$1114,$566,$1680,$48137,$4717,$1712,$-111,$7322,$55459,$317,$97,$-75,$22,$61,$-21,$0,$-33,$7,$352,$-139,$0,$0,$636,$273,$908,$-682,$88,$-1196,$-149,$-1345,$0,$0,$453,$-135,$-1027,$-587,$0,$524
17,2014-06-30,27.97,$36.19,0.77,$12.16,2.3,$8.29,3.37,$1.77,15.8,$47.42B,$45.93B,1.03,$1.93B,$5.70B,0.34,$2.25B,$2.04B,90.48%,$2.25B,$0.46B,20.32%,$2.25B,0,0.00%,$2.25B,0,0.00%,$2.25B,$0.46B,20.32%,$2.25B,$0.33B,14.72%,$0.33B,$6.70B,5.08%,$0.33B,$5.66B,6.05%,$0.33B,$55.11B,0.60%,$0.46B,$8.63B,5.26%,$588,$47,$541,$0,$349,$399,$190,$0,$190,$70,$120,$120,$104,$0,$0,$185,185,$0.56,$0.56,$8306,$0,$0,$47424,$803,$4933,$1045,$906,$7687,$55111,$45929,$1933,$549,$2482,$48411,$4192,$1641,$-137,$6700,$55111,$221,$64,$-66,$-2,$7,$-22,$0,$-72,$-87,$144,$-113,$0,$0,$1592,$343,$1935,$-577,$1246,$-361,$-82,$-443,$0,$0,$-43,$-694,$-1181,$208,$0,$5
18,2014-03-31,29.36,$35.62,0.82,$12.35,2.38,$10.55,2.78,$1.51,19.44,$48.52B,$46.81B,1.04,$2.16B,$5.58B,0.39,$2.28B,$2.05B,89.95%,$2.28B,$0.39B,17.24%,$2.28B,0,0.00%,$2.28B,0,0.00%,$2.28B,$0.39B,17.24%,$2.28B,$0.28B,12.37%,$0.28B,$6.59B,4.30%,$0.28B,$5.54B,5.12%,$0.28B,$56.08B,0.51%,$0.39B,$8.75B,4.47%,$606,$51,$555,$0,$395,$449,$157,$0,$157,$56,$101,$101,$76,$0,$0,$184,185,$0.41,$0.41,$9935,$0,$0,$48523,$786,$4878,$1048,$847,$7558,$56081,$46812,$2159,$524,$2683,$49495,$4186,$1542,$-145,$6586,$56081,$101,$32,$46,$78,$45,$-22,$0,$-75,$-51,$130,$-77,$0,$0,$-81,$378,$297,$-149,$72,$-125,$-61,$-185,$3,$3,$-24,$170,$-36,$166,$0,$-24
19,2013-12-31,28.36,$35.00,0.81,$12.37,2.29,$11.28,2.51,$1.58,17.95,$48.14B,$46.70B,1.03,$2.27B,$5.46B,0.42,$2.28B,$2.03B,89.25%,$2.28B,$0.41B,17.86%,$2.28B,0,0.00%,$2.28B,0,0.00%,$2.28B,$0.41B,17.86%,$2.28B,$0.29B,12.90%,$0.29B,$6.47B,4.52%,$0.29B,$5.41B,5.40%,$0.29B,$56.03B,0.53%,$0.41B,$8.74B,4.64%,$459,$58,$401,$0,$461,$522,$-63,$0,$-63,$-22,$-41,$-41,$-59,$0,$0,$184,184,$-0.33,$-0.32,$9667,$0,$0,$48135,$726,$5147,$1051,$972,$7896,$56031,$46702,$2274,$591,$2864,$49567,$4179,$1474,$-192,$6465,$56031,$263,$296,$-41,$254,$75,$-6,$0,$254,$322,$835,$-89,$0,$0,$296,$-246,$50,$-1314,$-1353,$-186,$-12,$-198,$0,$-5,$-120,$173,$-150,$-668,$0,$-120
20,2013-09-30,25.91,$34.31,0.76,$12.90,2.01,$10.87,2.38,$2.09,12.4,$47.38B,$45.94B,1.03,$2.30B,$5.33B,0.43,$2.37B,$2.12B,89.25%,$2.37B,$0.56B,23.52%,$2.37B,0,0.00%,$2.37B,0,0.00%,$2.37B,$0.56B,23.52%,$2.37B,$0.39B,16.40%,$0.39B,$6.33B,6.08%,$0.39B,$5.28B,7.29%,$0.39B,$55.19B,0.71%,$0.56B,$8.64B,6.42%,$596,$58,$538,$0,$362,$423,$173,$0,$173,$61,$112,$112,$210,$0,$0,$184,185,$1.13,$1.12,$9793,$0,$0,$47383,$720,$4963,$1054,$1068,$7805,$55188,$45943,$2304,$608,$2912,$48856,$4173,$1540,$-385,$6333,$55188,$305,$103,$-20,$83,$173,$-10,$0,$226,$389,$763,$-63,$0,$4,$365,$-187,$178,$-597,$-479,$-86,$-79,$-165,$793,$-7,$-94,$-495,$-760,$-477,$0,$-94
21,2013-06-30,27.3,$37.20,0.73,$13.13,2.08,$10.11,2.7,$1.31,20.84,$47.15B,$45.27B,1.04,$2.17B,$5.13B,0.42,$2.41B,$2.14B,88.88%,$2.41B,$0.56B,23.03%,$2.41B,0,0.00%,$2.41B,0,0.00%,$2.41B,$0.56B,23.03%,$2.41B,$0.24B,10.00%,$0.24B,$6.86B,3.83%,$0.24B,$5.80B,4.61%,$0.24B,$54.91B,0.44%,$0.56B,$9.03B,6.46%,$618,$63,$556,$0,$426,$492,$126,$0,$126,$43,$83,$83,$55,$0,$0,$184,184,$0.30,$0.30,$9611,$0,$0,$47150,$717,$4830,$1057,$1150,$7755,$54905,$45273,$2173,$598,$2772,$48044,$4168,$1338,$-375,$6860,$54905,$193,$60,$-8,$52,$123,$2,$0,$127,$252,$490,$-43,$0,$0,$353,$-31,$321,$-517,$-238,$-202,$-96,$-298,$593,$593,$-59,$-1146,$-911,$-659,$0,$-59
22,2013-03-31,23.55,$34.47,0.68,$13.27,1.77,$10.28,2.29,$1.31,17.98,$46.17B,$44.82B,1.03,$2.35B,$5.05B,0.47,$2.43B,$2.14B,88.00%,$2.43B,$0.57B,23.51%,$2.43B,0,0.00%,$2.43B,0,0.00%,$2.43B,$0.57B,23.51%,$2.43B,$0.24B,9.91%,$0.24B,$6.35B,3.89%,$0.24B,$5.29B,4.69%,$0.24B,$54.11B,0.45%,$0.57B,$8.70B,6.71%,$606,$67,$539,$0,$364,$435,$171,$0,$171,$61,$110,$110,$88,$0,$0,$183,184,$0.48,$0.48,$9083,$0,$0,$46165,$707,$4879,$1061,$1299,$7946,$54111,$44817,$2353,$590,$2943,$47760,$4171,$1290,$-407,$6351,$54111,$110,$38,$-27,$11,$90,$-0,$0,$3,$93,$202,$-16,$0,$0,$629,$-120,$509,$-85,$408,$1,$-26,$-25,$169,$169,$-24,$-1643,$-1523,$-913,$0,$-24
23,2012-12-31,20.16,$32.84,0.61,$13.42,1.5,$10.54,1.91,$0.97,20.78,$47.65B,$46.49B,1.03,$2.34B,$4.92B,0.48,$2.46B,$2.15B,87.51%,$2.46B,$0.54B,22.05%,$2.46B,0,0.00%,$2.46B,0,0.00%,$2.46B,$0.54B,22.05%,$2.46B,$0.18B,7.24%,$0.18B,$6.05B,2.87%,$0.18B,$4.98B,3.46%,$0.18B,$55.51B,0.33%,$0.54B,$8.39B,6.36%,$552,$68,$484,$0,$392,$465,$88,$0,$88,$30,$58,$58,$36,$0,$0,$183,183,$0.19,$0.19,$10625,$0,$0,$47645,$709,$4704,$1065,$1389,$7867,$55512,$46486,$2337,$640,$2978,$49463,$4166,$1204,$-446,$6049,$55512,$348,$292,$28,$320,$-31,$12,$0,$99,$80,$736,$-69,$0,$-20,$-1631,$322,$-1310,$-481,$-1880,$385,$-370,$14,$0,$-1399,$-134,$3279,$1761,$618,$0,$-134
24,2012-09-30,19.45,$32.14,0.61,$13.90,1.4,$12.32,1.58,$1.02,19.07,$45.02B,$44.25B,1.02,$2.33B,$4.80B,0.49,$2.54B,$2.23B,87.54%,$2.54B,$0.59B,23.23%,$2.54B,0,0.00%,$2.54B,0,0.00%,$2.54B,$0.59B,23.23%,$2.54B,$0.19B,7.31%,$0.19B,$5.92B,2.89%,$0.19B,$4.85B,3.47%,$0.19B,$53.09B,0.35%,$0.59B,$8.25B,6.83%,$634,$71,$563,$0,$389,$464,$170,$0,$170,$61,$110,$110,$62,$0,$0,$183,183,$0.34,$0.34,$8555,$0,$0,$45020,$709,$4743,$1070,$1544,$8067,$53087,$44252,$2327,$590,$2917,$47169,$4162,$1170,$-535,$5918,$53087,$290,$167,$87,$255,$-6,$26,$0,$69,$89,$602,$-48,$0,$-20,$-357,$264,$-93,$-157,$-318,$386,$-243,$142,$143,$-1400,$-109,$919,$-448,$-163,$0,$-109
25,2012-06-30,18.28,$35.25,0.52,$14.11,1.29,$13.48,1.36,$1.03,17.74,$45.16B,$44.03B,1.03,$2.28B,$4.69B,0.49,$2.59B,$2.26B,87.27%,$2.59B,$0.59B,22.79%,$2.59B,0,0.00%,$2.59B,0,0.00%,$2.59B,$0.59B,22.79%,$2.59B,$0.19B,7.31%,$0.19B,$6.49B,2.82%,$0.19B,$5.42B,3.37%,$0.19B,$53.41B,0.36%,$0.59B,$8.76B,6.70%,$641,$86,$555,$0,$408,$499,$143,$0,$143,$51,$91,$91,$55,$0,$0,$183,183,$0.30,$0.30,$9116,$0,$0,$45157,$715,$4808,$1074,$1652,$8250,$53407,$44032,$2275,$611,$2885,$46918,$4158,$1110,$-576,$6489,$53407,$181,$119,$78,$197,$71,$20,$0,$58,$149,$509,$-33,$0,$-23,$-848,$115,$-732,$156,$-632,$344,$149,$493,$142,$-700,$-76,$307,$23,$-100,$0,$-76
26,2012-03-31,20.19,$34.67,0.58,$14.37,1.4,$14.04,1.44,$0.89,22.68,$44.55B,$43.65B,1.02,$2.28B,$4.65B,0.49,$2.63B,$2.25B,85.37%,$2.63B,$0.57B,21.78%,$2.63B,0,0.00%,$2.63B,0,0.00%,$2.63B,$0.57B,21.78%,$2.63B,$0.16B,6.20%,$0.16B,$6.39B,2.40%,$0.16B,$5.31B,2.85%,$0.16B,$52.90B,0.31%,$0.57B,$8.67B,6.51%,$631,$81,$549,$0,$404,$489,$141,$0,$141,$52,$89,$89,$25,$0,$0,$183,183,$0.14,$0.14,$8783,$0,$0,$44548,$716,$4895,$1079,$1658,$8348,$52896,$43653,$2283,$573,$2856,$46510,$4163,$1061,$-572,$6387,$52896,$89,$57,$50,$107,$21,$21,$0,$32,$74,$248,$-15,$0,$-23,$-559,$52,$-507,$481,$-64,$333,$-169,$164,$0,$-700,$-41,$250,$-326,$-142,$0,$-41
27,2011-12-31,15.31,$37.92,0.4,$14.70,1.04,$14.13,1.08,$0.83,18.44,$44.80B,$43.60B,1.03,$1.95B,$4.61B,0.42,$2.69B,$2.26B,83.92%,$2.69B,$0.52B,19.43%,$2.69B,0,0.00%,$2.69B,0,0.00%,$2.69B,$0.52B,19.43%,$2.69B,$0.15B,5.69%,$0.15B,$6.98B,2.22%,$0.15B,$5.90B,2.64%,$0.15B,$53.15B,0.30%,$0.52B,$8.94B,5.93%,$638,$78,$560,$0,$419,$501,$137,$0,$137,$48,$89,$89,$44,$0,$0,$182,183,$0.24,$0.24,$8388,$0,$0,$44795,$719,$4904,$1083,$1648,$8354,$53149,$43598,$1954,$613,$2567,$46166,$4163,$1037,$-592,$6983,$53149,$323,$276,$240,$516,$51,$8,$0,$173,$232,$1069,$-78,$0,$0,$-2417,$816,$-1600,$-786,$-2464,$97,$-209,$-111,$0,$26,$-156,$1937,$1696,$300,$0,$-156
28,2011-09-30,13.23,$37.54,0.35,$15.34,0.86,$17.09,0.77,$-0.03,0.0,$42.17B,$42.15B,1.0,$1.90B,$4.56B,0.42,$2.74B,$2.22B,80.96%,$2.74B,$0.29B,10.56%,$2.74B,0,0.00%,$2.74B,0,0.00%,$2.74B,$0.29B,10.56%,$2.74B,$-0.00B,-0.04%,$-0.00B,$6.92B,-0.01%,$-0.00B,$5.83B,-0.02%,$-0.00B,$51.53B,0.00%,$0.29B,$8.82B,3.32%,$675,$84,$592,$0,$419,$507,$168,$0,$168,$59,$109,$109,$65,$0,$0,$183,184,$0.35,$0.35,$6436,$0,$0,$42171,$727,$5622,$1088,$1924,$9361,$51531,$42149,$1898,$565,$2463,$44612,$4161,$994,$-589,$6919,$51531,$234,$248,$263,$511,$91,$-1,$0,$2,$91,$831,$-62,$0,$0,$-577,$93,$-483,$-342,$-888,$45,$-145,$-100,$26,$26,$-115,$425,$235,$179,$0,$-115
29,2011-06-30,22.54,$37.51,0.6,$15.67,1.44,$19.11,1.18,$-0.85,0.0,$41.88B,$42.01B,1.0,$1.88B,$4.58B,0.41,$2.75B,$2.19B,79.37%,$2.75B,$0.04B,1.53%,$2.75B,0,0.00%,$2.75B,0,0.00%,$2.75B,$0.04B,1.53%,$2.75B,$-0.15B,-5.30%,$-0.15B,$6.91B,-2.18%,$-0.15B,$5.82B,-2.61%,$-0.15B,$51.36B,-0.29%,$0.04B,$8.79B,0.49%,$687,$142,$545,$0,$413,$560,$127,$0,$127,$54,$73,$73,$29,$0,$0,$182,183,$0.16,$0.16,$6134,$0,$0,$41879,$723,$5773,$1093,$1894,$9482,$51361,$42012,$1880,$557,$2436,$44448,$4158,$931,$-504,$6913,$51361,$125,$196,$180,$376,$70,$-2,$0,$53,$120,$615,$-39,$0,$0,$-342,$87,$-255,$-333,$-627,$30,$-111,$-81,$25,$25,$-75,$253,$123,$111,$0,$-75
30,2011-03-31,21.64,$36.68,0.59,$16.20,1.34,$20.45,1.06,$-1.85,0.0,$41.15B,$41.60B,0.99,$1.91B,$4.58B,0.42,$2.76B,$2.16B,78.40%,$2.76B,$-0.22B,-8.01%,$2.76B,0,0.00%,$2.76B,0,0.00%,$2.76B,$-0.22B,-8.01%,$2.76B,$-0.31B,-11.24%,$-0.31B,$6.75B,-4.71%,$-0.31B,$5.65B,-5.67%,$-0.31B,$50.81B,-0.60%,$-0.22B,$8.66B,-2.60%,$687,$129,$558,$0,$463,$597,$90,$0,$90,$37,$53,$53,$15,$0,$0,$182,182,$0.08,$0.08,$5762,$0,$0,$41153,$721,$5810,$1097,$2026,$9654,$50808,$41604,$1913,$546,$2459,$44063,$4178,$904,$-499,$6745,$50808,$53,$90,$127,$217,$28,$-8,$0,$-19,$2,$269,$-20,$0,$0,$-50,$51,$1,$48,$28,$-0,$80,$80,$25,$25,$-35,$-343,$-273,$25,$0,$-35
31,2010-12-31,22.73,$36.37,0.63,$16.98,1.34,$23.42,0.97,$-2.50,0.0,$41.19B,$41.87B,0.98,$1.94B,$4.59B,0.42,$2.76B,$2.17B,78.55%,$2.76B,$-0.40B,-14.60%,$2.76B,0,0.00%,$2.76B,0,0.00%,$2.76B,$-0.40B,-14.60%,$2.76B,$-0.41B,-14.93%,$-0.41B,$6.65B,-6.48%,$-0.41B,$5.54B,-7.86%,$-0.41B,$51.04B,-0.80%,$-0.40B,$8.59B,-4.85%,$687,$167,$520,$0,$610,$784,$-96,$0,$-96,$-24,$-72,$-72,$-110,$0,$0,$166,166,$-0.60,$-0.60,$5679,$0,$0,$41192,$721,$5905,$1103,$2114,$9842,$51035,$41866,$1943,$579,$2521,$44388,$4164,$889,$-461,$6647,$51035,$-296,$373,$1014,$1387,$-33,$-25,$0,$472,$414,$1472,$-79,$0,$21,$-3975,$-536,$-4510,$2632,$-1936,$77,$-20,$57,$0,$977,$-109,$-907,$19,$-446,$0,$-109
32,2010-09-30,20.03,$36.65,0.55,$18.24,1.1,$22.75,0.88,$-3.14,0.0,$41.93B,$41.98B,1.0,$1.94B,$4.62B,0.42,$2.75B,$2.17B,79.09%,$2.75B,$-1.25B,-45.61%,$2.75B,0,0.00%,$2.75B,0,0.00%,$2.75B,$-0.62B,-22.51%,$2.75B,$-0.48B,-17.41%,$-0.48B,$6.50B,-7.81%,$-0.48B,$5.39B,-9.56%,$-0.48B,$51.05B,-0.93%,$-1.25B,$8.43B,-15.45%,$692,$130,$562,$0,$634,$771,$-79,$0,$-79,$-31,$-47,$-47,$-80,$0,$0,$173,173,$-0.47,$-0.47,$5689,$0,$0,$41926,$720,$4996,$1109,$2298,$9122,$51048,$41977,$1939,$637,$2576,$44553,$4071,$1002,$-453,$6495,$51048,$-224,$208,$744,$952,$-13,$-19,$0,$468,$436,$1131,$-58,$0,$21,$-3854,$397,$-3457,$2070,$-1424,$12,$66,$78,$0,$861,$-75,$-881,$-17,$-310,$0,$-75
33,2010-06-30,20.22,$37.05,0.55,$21.31,0.95,$25.92,0.78,$-4.08,0.0,$42.75B,$43.21B,0.99,$1.93B,$4.61B,0.42,$2.96B,$2.35B,79.57%,$2.96B,$-1.43B,-48.41%,$2.96B,0,0.00%,$2.96B,0,0.00%,$2.96B,$-0.80B,-26.96%,$2.96B,$-0.58B,-19.62%,$-0.58B,$6.42B,-9.80%,$-0.58B,$5.31B,-12.10%,$-0.58B,$52.15B,-1.11%,$-1.43B,$8.36B,-17.86%,$693,$170,$523,$0,$653,$829,$-136,$0,$-136,$-23,$-113,$-113,$-135,$0,$0,$162,162,$-0.84,$-0.84,$6120,$0,$0,$42749,$705,$5136,$1116,$2442,$9399,$52147,$43206,$1934,$586,$2520,$45726,$3964,$1084,$-433,$6421,$52147,$-176,$143,$523,$665,$11,$-62,$0,$330,$278,$759,$-33,$0,$0,$-4234,$294,$-3940,$1795,$-2177,$-3,$241,$238,$0,$751,$-45,$173,$1117,$-301,$0,$-45
34,2010-03-31,20.46,$36.54,0.56,$27.81,0.74,$25.42,0.81,$-3.59,0.0,$42.19B,$43.28B,0.98,$2.02B,$4.33B,0.47,$3.51B,$2.94B,83.55%,$3.51B,$-1.37B,-39.03%,$3.51B,0,0.00%,$3.51B,0,0.00%,$3.51B,$-0.74B,-20.98%,$3.51B,$-0.47B,-13.35%,$-0.47B,$5.86B,-8.15%,$-0.47B,$4.74B,-10.15%,$-0.47B,$51.71B,-0.90%,$-1.37B,$7.87B,-17.44%,$688,$125,$563,$0,$648,$780,$-92,$0,$-92,$-29,$-63,$-63,$-87,$0,$0,$151,151,$-0.57,$-0.57,$4624,$0,$0,$42188,$707,$5250,$1122,$2446,$9525,$51713,$43276,$2016,$564,$2580,$45856,$3518,$1220,$-428,$5857,$51713,$-63,$46,$253,$299,$25,$-27,$0,$440,$438,$671,$-16,$0,$0,$-2796,$234,$-2563,$930,$-1648,$40,$229,$269,$150,$150,$-23,$257,$653,$-325,$0,$-23
35,2009-12-31,12.01,$37.96,0.32,$27.60,0.44,$23.30,0.52,$-10.31,0.0,$40.99B,$42.79B,0.96,$2.03B,$4.21B,0.48,$3.32B,$2.70B,81.41%,$3.32B,$-1.62B,-48.90%,$3.32B,0,0.00%,$3.32B,0,0.00%,$3.32B,$-1.62B,-48.90%,$3.32B,$-1.23B,-37.18%,$-1.23B,$5.71B,-21.71%,$-1.23B,$4.58B,-27.16%,$-1.23B,$51.12B,-2.33%,$-1.62B,$7.74B,-20.03%,$672,$149,$523,$0,$822,$1617,$-945,$0,$-311,$-126,$-185,$-185,$-176,$0,$0,$124,124,$-0.81,$-0.81,$2125,$0,$0,$40991,$711,$5625,$1129,$2667,$10132,$51123,$42791,$2033,$589,$2621,$45413,$3318,$1308,$-437,$5710,$51123,$-1222,$213,$2611,$2824,$-0,$19,$0,$-570,$-552,$1058,$-97,$0,$452,$1975,$-520,$1455,$1832,$3642,$295,$-3244,$-2948,$0,$417,$-96,$-2179,$-4807,$-106,$0,$-96
36,2009-09-30,16.82,$41.75,0.4,$28.10,0.6,$25.52,0.66,$-13.41,0.0,$43.43B,$44.57B,0.98,$2.39B,$4.17B,0.57,$3.29B,$2.61B,79.18%,$3.29B,$-0.94B,-28.42%,$3.29B,0,0.00%,$3.29B,0,0.00%,$3.29B,$-1.92B,-58.45%,$3.29B,$-1.56B,-47.29%,$-1.56B,$5.69B,-26.42%,$-1.56B,$4.55B,-33.93%,$-1.56B,$53.30B,-2.89%,$-0.94B,$8.08B,-10.43%,$903,$160,$743,$0,$993,$1160,$-258,$0,$-258,$-100,$-158,$-158,$-182,$0,$0,$128,128,$-1.43,$-1.43,$3401,$0,$0,$43429,$698,$5486,$1141,$2544,$9869,$53298,$44565,$2388,$651,$3039,$47604,$3125,$1502,$-469,$5694,$53298,$-1036,$161,$2004,$2165,$-1,$-35,$0,$158,$122,$1262,$-66,$0,$452,$376,$-385,$-9,$704,$1082,$587,$-2593,$-2005,$0,$265,$-73,$-1013,$-2827,$-483,$0,$-73
37,2009-06-30,10.81,$46.00,0.24,$28.63,0.38,$22.69,0.48,$-11.69,0.0,$43.07B,$44.49B,0.97,$1.99B,$4.26B,0.47,$3.21B,$2.44B,76.09%,$3.21B,$-0.62B,-19.43%,$3.21B,0,0.00%,$3.21B,0,0.00%,$3.21B,$-1.61B,-50.19%,$3.21B,$-1.34B,-41.75%,$-1.34B,$5.76B,-22.86%,$-1.34B,$4.62B,-31.11%,$-1.34B,$52.77B,-2.48%,$-0.62B,$7.74B,-6.16%,$1250,$144,$1106,$0,$1175,$1326,$-76,$0,$-76,$-24,$-52,$-52,$-24,$0,$0,$116,116,$-0.21,$-0.21,$2761,$0,$0,$43072,$704,$5888,$1139,$1965,$9696,$52768,$44492,$1985,$537,$2522,$47013,$2936,$1686,$-368,$5755,$52768,$-879,$73,$1493,$1566,$-24,$-37,$-27,$-17,$-172,$514,$-53,$0,$147,$1253,$-658,$596,$516,$1205,$182,$-2232,$-2050,$123,$76,$-51,$58,$-1966,$-247,$15,$-9
38,2009-03-31,9.17,$48.38,0.19,$25.30,0.36,$21.08,0.44,$-10.69,0.0,$44.85B,$45.11B,0.99,$3.27B,$3.99B,0.82,$2.76B,$1.90B,68.73%,$2.76B,$-0.46B,-16.65%,$2.76B,0,0.00%,$2.76B,0,0.00%,$2.76B,$-1.45B,-52.48%,$2.76B,$-1.25B,-45.23%,$-1.25B,$5.58B,-21.68%,$-1.25B,$4.42B,-31.60%,$-1.25B,$54.55B,-2.29%,$-0.46B,$8.85B,-4.02%,$494,$165,$330,$0,$667,$839,$-344,$-634,$-978,$-152,$-827,$-827,$-852,$0,$0,$114,114,$-7.47,$-7.47,$3658,$0,$0,$44845,$702,$5788,$1159,$2052,$9700,$54545,$45114,$3273,$579,$3851,$48965,$2608,$1714,$-341,$5580,$54545,$-827,$36,$1093,$1129,$-45,$-23,$-5,$61,$-7,$286,$-33,$0,$113,$436,$-579,$-143,$286,$224,$255,$-1831,$-1576,$-0,$-0,$-26,$938,$-664,$-154,$8,$-5
39,2008-12-31,22.81,$56.60,0.4,$29.41,0.78,$21.56,1.06,$-2.42,0.0,$45.39B,$43.23B,1.05,$4.66B,$4.95B,0.94,$3.16B,$2.16B,68.33%,$3.16B,$0.04B,1.26%,$3.16B,0,0.00%,$3.16B,0,0.00%,$3.16B,$-0.31B,-9.92%,$3.16B,$-0.29B,-9.20%,$-0.29B,$6.53B,-5.11%,$-0.29B,$4.75B,-7.99%,$-0.29B,$55.09B,-0.54%,$0.04B,$11.19B,0.33%,$643,$217,$426,$0,$675,$900,$-257,$0,$-611,$-127,$-484,$-484,$-498,$0,$0,$109,109,$-4.61,$-4.61,$4221,$0,$0,$45393,$687,$5511,$1777,$1724,$9700,$55093,$43233,$4661,$669,$5331,$48564,$2600,$2433,$-99,$6529,$55093,$-271,$140,$1138,$1279,$-9,$-12,$0,$210,$189,$1185,$-102,$0,$689,$-1203,$834,$-368,$-3301,$-3083,$-128,$-3509,$-3637,$0,$1693,$-196,$3659,$1519,$-379,$0,$-196
40,2008-09-30,35.74,$48.54,0.74,$30.95,1.15,$17.54,2.04,$2.33,15.34,$43.78B,$40.58B,1.08,$7.15B,$5.31B,1.35,$3.33B,$2.20B,65.96%,$3.33B,$0.34B,10.19%,$3.33B,0,0.00%,$3.33B,0,0.00%,$3.33B,$0.33B,10.01%,$3.33B,$0.25B,7.48%,$0.25B,$5.60B,4.62%,$0.25B,$3.45B,7.69%,$0.25B,$53.97B,0.46%,$0.34B,$12.75B,2.79%,$825,$244,$582,$0,$521,$773,$53,$0,$53,$11,$42,$42,$33,$0,$0,$108,108,$0.31,$0.31,$2501,$0,$0,$43779,$675,$5880,$2143,$1496,$10195,$53974,$40575,$7154,$650,$7803,$48378,$2483,$2968,$-157,$5596,$53974,$213,$217,$261,$478,$58,$-16,$-10,$122,$85,$784,$-73,$0,$689,$487,$700,$1187,$-3160,$-1357,$-123,$-796,$-919,$244,$290,$-146,$936,$160,$-413,$23,$-137
41,2008-06-30,28.67,$49.28,0.58,$32.28,0.89,$15.09,1.9,$3.24,8.85,$44.39B,$41.18B,1.08,$7.60B,$5.06B,1.5,$3.47B,$2.24B,64.46%,$3.47B,$0.50B,14.48%,$3.47B,0,0.00%,$3.47B,0,0.00%,$3.47B,$0.50B,14.28%,$3.47B,$0.35B,10.04%,$0.35B,$5.30B,6.56%,$0.35B,$3.16B,11.08%,$0.35B,$54.63B,0.66%,$0.50B,$12.89B,4.39%,$795,$238,$557,$0,$460,$707,$89,$0,$89,$22,$66,$66,$70,$0,$0,$107,107,$0.65,$0.65,$3067,$0,$0,$44391,$656,$5886,$2142,$1556,$10240,$54631,$41181,$7595,$556,$8151,$49332,$2224,$2981,$-158,$5299,$54631,$172,$64,$239,$303,$43,$-22,$-11,$-127,$-195,$289,$-35,$0,$0,$237,$716,$953,$-3020,$-2102,$12,$1111,$1123,$-1,$-1,$-96,$685,$1710,$-103,$14,$-92
42,2008-03-31,41.11,$50.01,0.82,$33.36,1.23,$15.11,2.72,$4.02,10.23,$43.16B,$40.83B,1.06,$6.60B,$5.12B,1.29,$3.60B,$2.29B,63.53%,$3.60B,$0.66B,18.32%,$3.60B,0,0.00%,$3.60B,0,0.00%,$3.60B,$0.65B,18.07%,$3.60B,$0.43B,12.05%,$0.43B,$5.36B,8.21%,$0.43B,$3.21B,13.96%,$0.43B,$53.41B,0.85%,$0.66B,$11.96B,6.42%,$901,$304,$597,$0,$434,$746,$155,$0,$155,$50,$105,$105,$104,$0,$0,$107,107,$0.97,$0.97,$3756,$0,$0,$43161,$657,$6076,$2150,$1364,$10247,$53408,$40827,$6602,$621,$7223,$48050,$2220,$2958,$-76,$5358,$53408,$105,$29,$106,$134,$-4,$-11,$3,$12,$61,$306,$-19,$0,$0,$-555,$590,$35,$-865,$-849,$-1,$-198,$-199,$1,$1,$-48,$594,$348,$-195,$7,$-46
43,2007-12-31,41.8,$49.41,0.85,$33.23,1.26,$13.38,3.12,$4.40,9.5,$42.01B,$41.21B,1.02,$5.77B,$5.05B,1.14,$3.62B,$2.29B,63.41%,$3.62B,$0.75B,20.70%,$3.62B,0,0.00%,$3.62B,0,0.00%,$3.62B,$0.74B,20.37%,$3.62B,$0.48B,13.27%,$0.48B,$5.29B,9.13%,$0.48B,$3.13B,15.63%,$0.48B,$52.95B,0.96%,$0.75B,$11.07B,8.04%,$807,$349,$459,$0,$406,$765,$42,$0,$36,$-11,$47,$54,$42,$0,$0,$107,108,$0.39,$0.39,$3377,$0,$0,$42006,$656,$6873,$2159,$1254,$10942,$52947,$41206,$5773,$644,$6448,$47655,$2212,$2911,$-59,$5293,$52947,$502,$283,$-5,$278,$-92,$42,$-4,$8,$-26,$733,$-91,$0,$45,$-830,$-352,$-1181,$-3829,$-5056,$12,$3743,$3755,$-263,$-263,$-196,$943,$4240,$-84,$28,$-181
44,2007-09-30,61.0,$49.16,1.24,$34.12,1.79,$15.98,3.82,$5.33,11.44,$39.92B,$39.67B,1.01,$4.52B,$5.02B,0.9,$3.71B,$2.43B,65.57%,$3.71B,$0.94B,25.43%,$3.71B,0,0.00%,$3.71B,0,0.00%,$3.71B,$0.93B,25.05%,$3.71B,$0.58B,15.65%,$0.58B,$5.26B,11.21%,$0.58B,$3.06B,19.25%,$0.58B,$50.05B,1.20%,$0.94B,$9.78B,11.04%,$964,$341,$622,$0,$395,$748,$216,$-1,$215,$72,$143,$136,$132,$0,$0,$107,108,$1.24,$1.22,$2518,$0,$0,$39922,$658,$6289,$2194,$981,$10122,$50045,$39669,$4520,$561,$5118,$44788,$2200,$2914,$-87,$5257,$50045,$448,$94,$25,$119,$-61,$48,$3,$-55,$-36,$512,$-71,$0,$34,$-351,$439,$88,$-2381,$-2329,$-44,$2210,$2166,$-266,$-266,$-146,$-395,$1359,$-458,$19,$-135
45,2007-06-30,67.93,$48.36,1.4,$33.31,2.04,$17.13,3.97,$5.53,12.28,$38.72B,$39.73B,0.98,$3.11B,$4.99B,0.62,$3.63B,$2.40B,66.32%,$3.63B,$0.98B,26.98%,$3.63B,0,0.00%,$3.63B,0,0.00%,$3.63B,$0.96B,26.54%,$3.63B,$0.60B,16.63%,$0.60B,$5.23B,11.99%,$0.60B,$3.03B,20.79%,$0.60B,$48.69B,1.27%,$0.98B,$8.33B,12.17%,$931,$320,$611,$0,$352,$684,$247,$-1,$245,$86,$159,$159,$156,$0,$0,$108,109,$1.44,$1.43,$2307,$0,$0,$38715,$649,$6239,$2194,$894,$9976,$48691,$39726,$3106,$602,$3741,$43467,$2280,$2829,$-113,$5225,$48691,$312,$63,$-2,$60,$-42,$41,$-2,$-63,$-53,$306,$-45,$0,$47,$2,$494,$496,$-1394,$-895,$-35,$483,$447,$-179,$-179,$-96,$120,$291,$-298,$13,$-89
46,2007-03-31,74.27,$48.24,1.54,$32.41,2.29,$18.52,4.01,$5.45,13.63,$38.17B,$39.76B,0.96,$2.84B,$5.02B,0.57,$3.52B,$2.37B,67.28%,$3.52B,$0.96B,27.40%,$3.52B,0,0.00%,$3.52B,0,0.00%,$3.52B,$0.94B,26.75%,$3.52B,$0.59B,16.83%,$0.59B,$5.26B,12.25%,$0.59B,$3.06B,21.61%,$0.59B,$48.56B,1.27%,$0.96B,$8.10B,12.03%,$916,$313,$602,$0,$348,$672,$244,$-2,$241,$89,$153,$153,$150,$0,$0,$108,110,$1.38,$1.36,$2592,$0,$0,$38165,$645,$6565,$2205,$979,$10394,$48559,$39761,$2835,$663,$3536,$43298,$2382,$2720,$-69,$5261,$48559,$153,$31,$-23,$8,$-47,$31,$3,$-114,$-28,$127,$-21,$0,$49,$-339,$166,$-173,$-509,$-654,$-15,$37,$22,$-69,$-69,$-46,$256,$163,$-364,$6,$-43
47,2006-12-31,72.11,$46.73,1.54,$31.22,2.31,$19.33,3.73,$5.37,13.43,$36.67B,$38.31B,0.96,$3.01B,$4.75B,0.64,$3.37B,$2.32B,68.74%,$3.37B,$0.94B,27.90%,$3.37B,0,0.00%,$3.37B,0,0.00%,$3.37B,$0.91B,27.07%,$3.37B,$0.58B,17.22%,$0.58B,$4.99B,12.59%,$0.58B,$2.92B,22.80%,$0.58B,$46.97B,1.28%,$0.94B,$8.00B,12.17%,$901,$302,$599,$0,$351,$664,$237,$-2,$229,$80,$149,$147,$143,$0,$0,$106,108,$1.34,$1.31,$2372,$0,$0,$36674,$609,$6726,$2063,$898,$10296,$46970,$38306,$3013,$622,$3677,$41983,$2230,$2602,$-76,$4987,$46970,$583,$126,$86,$213,$-38,$38,$31,$177,$235,$1039,$-119,$0,$-13,$297,$201,$498,$-4597,$-4231,$-232,$1182,$950,$53,$289,$-161,$2346,$3424,$232,$24,$-157
