,Date,Stock Price,Book Value per Share,Price to Book Ratio,TTM Sales per Share,Price to Sales Ratio,TTM FCF per Share,Price to FCF Ratio,TTM Net EPS,PE Ratio,Current Assets,Current Liabilities,Current Ratio,Long Term Debt,Shareholder's Equity_x,Debt to Equity Ratio,TTM Revenue_x,TTM Gross Profit,Gross Margin,TTM Revenue_y,TTM Operating Income,Operating Margin,TTM Revenue_x,TTM EBIT,EBIT Margin,TTM Revenue_y,TTM EBITDA,EBITDA Margin,TTM Revenue_x,TTM Pre-Tax Income,Pre-Tax Margin,TTM Revenue_y,TTM Net Income_x,Net Margin,TTM Net Income_y,Shareholder's Equity_y,Return on Equity,TTM Net Income_x,Tangible Equity,Return on Tangible Equity,TTM Net Income_y,Total Assets,Return on Assets,TTM Net Income,LT Investments & Debt,Return on Investment,revenue,cost-goods-sold,gross-profit,research-development-expenses,selling-general-administrative-expenses,operating-expenses,operating-income,total-non-operating-income-expense,pre-tax-income,total-provision-income-taxes,income-after-taxes,income-from-continuous-operations,net-income,ebitda,ebit,basic-shares-outstanding,shares-outstanding,eps-basic-net-earnings-per-share,eps-earnings-per-share-diluted,cash-on-hand,inventory,other-current-assets,total-current-assets,net-property-plant-equipment,long-term-investments,goodwill-intangible-assets-total,other-long-term-assets,total-long-term-assets,total-assets,total-current-liabilities,long-term-debt,other-non-current-liabilities,total-long-term-liabilities,total-liabilities,common-stock-net,retained-earnings-accumulated-deficit,comprehensive-income,total-share-holder-equity,total-liabilities-share-holders-equity,net-income-loss,total-depreciation-amortization-cash-flow,other-non-cash-items,total-non-cash-items,change-in-accounts-receivable,change-in-inventories,change-in-accounts-payable,change-in-assets-liabilities,total-change-in-assets-liabilities,cash-flow-from-operating-activities,net-change-in-property-plant-equipment,net-change-in-intangible-assets,net-acquisitions-divestitures,net-change-in-short-term-investments,net-change-in-long-term-investments,net-change-in-investments-total,investing-activities-other,cash-flow-from-investing-activities,net-long-term-debt,net-current-debt,debt-issuance-retirement-net-total,net-common-equity-issued-repurchased,net-total-equity-issued-repurchased,total-common-preferred-stock-dividends-paid,financial-activities-other,cash-flow-from-financial-activities,net-cash-flow,stock-based-compensation,common-stock-dividends-paid
0,2018-09-30,3.2,$-1.10,-2.91,$0.01,251.99,$-1.02,0.0,$-0.40,0.0,$0.05B,$0.06B,0.78,$0.00B,$-0.16B,0.0,$0.00B,$0.00B,100.00%,$0.00B,$-0.05B,-2700.00%,$0.00B,$-0.05B,-2700.00%,$0.00B,$-0.05B,-2650.00%,$0.00B,$-0.05B,-2700.00%,$0.00B,$-0.08B,-3750.00%,$-0.08B,$-0.16B,58.25%,$-0.08B,$-0.16B,58.25%,$-0.08B,$0.07B,-89.29%,$-0.05B,$-0.16B,41.94%,$0,$0,$0,$8,$4,$13,$-13,$-0,$-13,$0,$-13,$-13,$-19,$-12,$-13,$141,141,$-0.13,$-0.13,$32,$0,$0,$47,$1,$0,$0,$18,$20,$67,$60,$0,$3,$163,$223,$0,$-761,$0,$-156,$67,$-41,$0,$7,$7,$-1,$0,$-3,$0,$-4,$-38,$-1,$0,$0,$0,$0,$0,$0,$-1,$0,$0,$0,$-1,$-1,$0,$0,$-1,$-39,$7,$0
1,2018-06-30,3.02,$-0.98,-3.09,$0.02,125.51,$-1.06,0.0,$-0.53,0.0,$0.05B,$0.01B,5.69,$0.00B,$-0.14B,0.0,$0.00B,$0.00B,100.00%,$0.00B,$-0.05B,-1350.00%,$0.00B,$-0.05B,-1350.00%,$0.00B,$-0.05B,-1350.00%,$0.00B,$-0.05B,-1350.00%,$0.00B,$-0.07B,-1850.00%,$-0.07B,$-0.14B,67.43%,$-0.07B,$-0.14B,67.43%,$-0.07B,$0.08B,-76.68%,$-0.05B,$-0.14B,49.20%,$0,$0,$0,$7,$5,$12,$-12,$0,$-12,$0,$-12,$-12,$-17,$-12,$-12,$141,141,$-0.12,$-0.12,$40,$0,$0,$53,$1,$0,$0,$22,$23,$76,$9,$0,$52,$206,$216,$0,$-749,$0,$-139,$76,$-28,$0,$5,$5,$-1,$0,$-4,$-1,$-6,$-29,$-0,$0,$0,$0,$0,$0,$0,$-0,$0,$0,$0,$-1,$-1,$0,$0,$-1,$-31,$5,$0
2,2018-03-31,3.92,$-0.86,-4.53,$0.04,109.39,$-1.07,0.0,$-0.54,0.0,$0.07B,$0.01B,7.17,$0.00B,$-0.12B,0.0,$0.01B,$0.01B,100.00%,$0.01B,$-0.06B,-916.67%,$0.01B,$-0.06B,-916.67%,$0.01B,$-0.06B,-916.67%,$0.01B,$-0.06B,-916.67%,$0.01B,$-0.08B,-1250.00%,$-0.08B,$-0.12B,82.42%,$-0.08B,$-0.12B,82.42%,$-0.08B,$0.09B,-68.65%,$-0.06B,$-0.12B,60.44%,$0,$0,$0,$10,$6,$16,$-16,$0,$-16,$0,$-16,$-16,$-21,$-16,$-16,$141,141,$-0.15,$-0.15,$51,$0,$0,$72,$1,$0,$0,$14,$15,$87,$10,$0,$52,$201,$211,$0,$-737,$0,$-123,$87,$-16,$0,$4,$4,$0,$0,$-4,$-2,$-7,$-19,$-0,$0,$0,$0,$0,$0,$0,$-0,$0,$0,$0,$-1,$-1,$0,$0,$-1,$-20,$4,$0
3,2017-12-31,4.14,$-0.68,-6.1,$0.05,88.05,$-1.04,0.0,$-0.54,0.0,$0.09B,$0.02B,4.35,$0.00B,$-0.10B,0.0,$0.01B,$0.01B,100.00%,$0.01B,$-0.05B,-662.50%,$0.01B,$-0.05B,-662.50%,$0.01B,$-0.05B,-662.50%,$0.01B,$-0.05B,-675.00%,$0.01B,$-0.07B,-925.00%,$-0.07B,$-0.10B,88.10%,$-0.07B,$-0.10B,88.10%,$-0.07B,$0.11B,-66.67%,$-0.05B,$-0.10B,63.10%,$2,$0,$2,$11,$4,$15,$-13,$0,$-13,$0,$-13,$-13,$-18,$-13,$-13,$137,137,$-0.12,$-0.12,$71,$0,$0,$91,$1,$0,$0,$14,$15,$106,$21,$0,$38,$182,$202,$0,$-712,$0,$-97,$106,$-54,$0,$10,$10,$0,$0,$4,$-16,$-10,$-55,$-1,$0,$0,$0,$0,$0,$0,$-1,$0,$0,$0,$45,$45,$0,$0,$45,$-10,$8,$0
4,2017-09-30,6.14,$-0.56,-10.92,$0.05,128.98,$-1.09,0.0,$-0.52,0.0,$0.12B,$0.02B,6.32,$0.00B,$-0.08B,0.0,$0.01B,$0.01B,100.00%,$0.01B,$-0.05B,-637.50%,$0.01B,$-0.05B,-637.50%,$0.01B,$-0.05B,-637.50%,$0.01B,$-0.05B,-650.00%,$0.01B,$-0.07B,-887.50%,$-0.07B,$-0.08B,89.87%,$-0.07B,$-0.08B,89.87%,$-0.07B,$0.12B,-63.96%,$-0.05B,$-0.08B,64.56%,$2,$0,$2,$11,$4,$15,$-13,$0,$-13,$0,$-13,$-13,$-18,$-13,$-13,$141,141,$-0.13,$-0.13,$84,$0,$0,$115,$1,$0,$0,$1,$2,$117,$18,$0,$2,$178,$196,$0,$-699,$0,$-80,$117,$-41,$0,$7,$8,$0,$0,$1,$-12,$-9,$-43,$-0,$0,$0,$0,$0,$0,$0,$-0,$0,$0,$0,$46,$46,$0,$0,$46,$3,$6,$0
5,2017-06-30,6.22,$-0.45,-13.74,$0.05,128.28,$-1.14,0.0,$-0.50,0.0,$0.13B,$0.02B,7.83,$0.00B,$-0.06B,0.0,$0.01B,$0.01B,100.00%,$0.01B,$-0.05B,-612.50%,$0.01B,$-0.05B,-612.50%,$0.01B,$-0.05B,-612.50%,$0.01B,$-0.05B,-625.00%,$0.01B,$-0.07B,-837.50%,$-0.07B,$-0.06B,89.33%,$-0.07B,$-0.06B,89.33%,$-0.07B,$0.13B,-60.36%,$-0.05B,$-0.06B,65.33%,$2,$0,$2,$11,$4,$15,$-13,$0,$-13,$0,$-13,$-13,$-18,$-13,$-13,$136,136,$-0.13,$-0.13,$97,$0,$0,$125,$1,$0,$0,$1,$2,$127,$16,$0,$2,$175,$191,$0,$-686,$0,$-64,$127,$-28,$0,$6,$6,$-0,$0,$-0,$-7,$-7,$-30,$-0,$0,$0,$0,$0,$0,$0,$-0,$0,$0,$0,$46,$46,$0,$0,$46,$16,$4,$0
6,2017-03-31,6.34,$-0.72,-8.84,$0.05,127.49,$-1.15,0.0,$-1.38,0.0,$0.09B,$0.02B,5.31,$0.00B,$-0.10B,0.0,$0.01B,$0.01B,100.00%,$0.01B,$-0.17B,-2087.50%,$0.01B,$-0.17B,-2087.50%,$0.01B,$-0.17B,-2087.50%,$0.01B,$-0.17B,-2100.00%,$0.01B,$-0.18B,-2250.00%,$-0.18B,$-0.10B,250.00%,$-0.18B,$-0.10B,250.00%,$-0.18B,$0.09B,-161.80%,$-0.17B,$-0.10B,231.94%,$2,$0,$2,$12,$4,$16,$-14,$-2,$-15,$0,$-15,$-15,$-20,$-14,$-14,$131,131,$-0.15,$-0.15,$66,$0,$0,$93,$1,$0,$0,$1,$2,$94,$17,$0,$2,$172,$189,$0,$-674,$0,$-95,$94,$-15,$0,$4,$4,$-0,$0,$0,$-4,$-2,$-14,$-0,$0,$0,$0,$0,$0,$0,$-0,$0,$0,$0,$0,$0,$0,$0,$0,$-15,$2,$0
7,2016-12-31,5.35,$-0.58,-9.16,$0.05,101.64,$-1.17,0.0,$-1.32,0.0,$0.11B,$0.02B,6.63,$0.00B,$-0.08B,0.0,$0.01B,$0.01B,100.00%,$0.01B,$-0.17B,-2062.50%,$0.01B,$-0.17B,-2062.50%,$0.01B,$-0.17B,-2062.50%,$0.01B,$-0.17B,-2062.50%,$0.01B,$-0.17B,-2150.00%,$-0.17B,$-0.08B,598.26%,$-0.17B,$-0.08B,598.26%,$-0.17B,$0.11B,-139.55%,$-0.17B,$-0.08B,573.91%,$2,$0,$2,$9,$3,$13,$-11,$-0,$-11,$0,$-11,$-11,$-15,$-11,$-11,$130,130,$-0.11,$-0.11,$81,$0,$0,$105,$1,$0,$0,$1,$1,$106,$16,$0,$1,$168,$184,$0,$-658,$0,$-77,$106,$-165,$0,$128,$128,$0,$0,$-2,$-20,$-21,$-58,$-1,$0,$0,$0,$0,$0,$0,$-1,$0,$0,$0,$-1,$-1,$0,$0,$-1,$-60,$8,$0
8,2016-09-30,5.63,$-0.49,-11.51,$0.06,101.1,$-0.72,0.0,$-1.28,0.0,$0.12B,$0.02B,7.35,$0.00B,$-0.06B,0.0,$0.01B,$0.01B,100.00%,$0.01B,$-0.16B,-2037.50%,$0.01B,$-0.16B,-2037.50%,$0.01B,$-0.16B,-2037.50%,$0.01B,$-0.16B,-2037.50%,$0.01B,$-0.17B,-2075.00%,$-0.17B,$-0.06B,-1355.10%,$-0.17B,$-0.06B,-1355.10%,$-0.17B,$0.12B,-122.74%,$-0.16B,$-0.06B,-1330.61%,$2,$0,$2,$9,$4,$13,$-11,$0,$-11,$0,$-11,$-11,$-14,$-11,$-11,$130,130,$-0.11,$-0.11,$95,$0,$0,$116,$1,$0,$0,$1,$1,$117,$16,$0,$1,$166,$182,$0,$-647,$0,$-64,$117,$-154,$0,$125,$125,$0,$0,$-0,$-15,$-17,$-45,$-0,$0,$0,$0,$0,$0,$0,$-0,$0,$0,$0,$-0,$-0,$0,$0,$-0,$-46,$6,$0
9,2016-06-30,5.49,$-0.39,-13.91,$0.06,94.9,$-0.19,0.0,$-1.31,0.0,$0.13B,$0.02B,7.9,$0.00B,$-0.05B,0.0,$0.01B,$0.01B,100.00%,$0.01B,$-0.17B,-2125.00%,$0.01B,$-0.17B,-2125.00%,$0.01B,$-0.17B,-2125.00%,$0.01B,$-0.17B,-2125.00%,$0.01B,$-0.17B,-2125.00%,$-0.17B,$-0.05B,-328.50%,$-0.17B,$-0.05B,-328.50%,$-0.17B,$0.13B,-113.90%,$-0.17B,$-0.05B,-328.50%,$2,$0,$2,$129,$4,$133,$-131,$0,$-131,$0,$-131,$-131,$-131,$-131,$-131,$130,130,$-1.01,$-1.01,$109,$0,$0,$127,$1,$0,$0,$1,$1,$128,$16,$0,$0,$164,$180,$0,$-636,$0,$-52,$128,$-143,$0,$123,$123,$0,$0,$0,$-10,$-11,$-31,$-0,$0,$0,$0,$0,$0,$0,$-0,$0,$0,$0,$-0,$-0,$0,$0,$-0,$-32,$123,$0
10,2016-03-31,7.42,$0.59,12.57,$0.05,158.03,$-0.11,0.0,$-0.41,0.0,$0.14B,$0.02B,8.13,$0.00B,$0.08B,0.0,$0.01B,$0.01B,100.00%,$0.01B,$-0.05B,-883.33%,$0.01B,$-0.05B,-883.33%,$0.01B,$-0.05B,-883.33%,$0.01B,$-0.05B,-883.33%,$0.01B,$-0.05B,-883.33%,$-0.05B,$0.08B,-57.45%,$-0.05B,$0.08B,-57.45%,$-0.05B,$0.14B,-35.75%,$-0.05B,$0.08B,-57.45%,$2,$0,$2,$10,$4,$14,$-12,$0,$-12,$0,$-12,$-12,$-12,$-12,$-12,$130,130,$-0.09,$-0.09,$125,$0,$0,$140,$1,$0,$0,$1,$1,$142,$17,$0,$0,$47,$64,$0,$-505,$0,$78,$142,$-12,$0,$2,$2,$-1,$0,$-0,$-5,$-6,$-16,$-0,$0,$0,$0,$0,$0,$0,$-0,$0,$0,$0,$0,$0,$0,$0,$0,$-16,$2,$0
11,2015-12-31,8.31,$0.66,12.53,$0.03,242.81,$-0.07,0.0,$-1.01,0.0,$0.15B,$0.02B,8.42,$0.00B,$0.09B,0.0,$0.00B,$0.00B,100.00%,$0.00B,$-0.12B,-2975.00%,$0.00B,$-0.12B,-2975.00%,$0.00B,$-0.12B,-2975.00%,$0.00B,$-0.12B,-2975.00%,$0.00B,$-0.12B,-2975.00%,$-0.12B,$0.09B,-115.53%,$-0.12B,$0.09B,-115.53%,$-0.12B,$0.15B,-81.65%,$-0.12B,$0.09B,-115.53%,$2,$0,$2,$8,$3,$11,$-9,$0,$-9,$0,$-9,$-9,$-9,$-9,$-9,$125,125,$-0.02,$-0.02,$141,$0,$0,$153,$1,$0,$0,$1,$1,$154,$18,$0,$0,$48,$66,$0,$-493,$0,$87,$154,$-120,$0,$75,$76,$-0,$0,$0,$43,$44,$-0,$-0,$0,$0,$0,$0,$0,$0,$-0,$0,$0,$0,$98,$98,$0,$0,$98,$98,$8,$0
12,2015-09-30,9.0,$0.72,12.55,$0.02,403.86,$-0.43,0.0,$-1.03,0.0,$0.17B,$0.03B,5.82,$0.00B,$0.09B,0.0,$0.00B,$0.00B,100.00%,$0.00B,$-0.12B,-6050.00%,$0.00B,$-0.12B,-6050.00%,$0.00B,$-0.12B,-6000.00%,$0.00B,$-0.12B,-6000.00%,$0.00B,$-0.12B,-6000.00%,$-0.12B,$0.09B,-133.70%,$-0.12B,$0.09B,-133.70%,$-0.12B,$0.17B,-101.27%,$-0.12B,$0.09B,-134.82%,$2,$0,$2,$17,$3,$20,$-18,$-0,$-18,$0,$-18,$-18,$-18,$-18,$-18,$130,130,$-0.14,$-0.14,$164,$0,$0,$172,$0,$0,$0,$1,$1,$173,$30,$0,$0,$50,$80,$0,$-483,$0,$94,$173,$-111,$0,$73,$74,$-0,$0,$2,$48,$61,$24,$-0,$0,$0,$0,$0,$0,$0,$-0,$0,$0,$0,$97,$97,$0,$0,$97,$121,$73,$0
13,2015-06-30,12.0,$0.84,14.21,$0.01,846.17,$-0.89,0.0,$-0.95,0.0,$0.12B,$0.01B,9.39,$0.00B,$0.11B,0.0,$0.00B,$0.00B,100.00%,$0.00B,$-0.12B,-11500.00%,$0.00B,$-0.12B,-11500.00%,$0.00B,$-0.11B,-11400.00%,$0.00B,$-0.11B,-10800.00%,$0.00B,$-0.11B,-10800.00%,$-0.11B,$0.11B,-143.52%,$-0.11B,$0.11B,-143.52%,$-0.11B,$0.12B,-123.43%,$-0.12B,$0.11B,-152.82%,$0,$0,$0,$7,$7,$14,$-14,$0,$-14,$0,$-14,$-14,$-14,$-14,$-14,$128,128,$-0.11,$-0.11,$119,$0,$0,$123,$0,$0,$0,$1,$1,$124,$13,$0,$0,$0,$14,$0,$-465,$0,$110,$124,$-92,$0,$72,$72,$0,$0,$1,$-4,$-1,$-21,$-0,$0,$0,$0,$0,$0,$0,$-0,$0,$0,$0,$97,$97,$0,$0,$97,$76,$72,$0
14,2015-03-31,10.77,$0.94,11.45,$0.01,766.28,$-0.88,0.0,$-0.90,0.0,$0.13B,$0.01B,12.45,$0.00B,$0.12B,0.0,$0.00B,$0.00B,100.00%,$0.00B,$-0.11B,-11200.00%,$0.00B,$-0.11B,-11200.00%,$0.00B,$-0.11B,-11100.00%,$0.00B,$-0.10B,-10000.00%,$0.00B,$-0.10B,-10000.00%,$-0.10B,$0.12B,-174.67%,$-0.10B,$0.12B,-174.67%,$-0.10B,$0.13B,-142.35%,$-0.11B,$0.12B,-195.63%,$0,$0,$0,$74,$4,$78,$-78,$-0,$-78,$0,$-78,$-78,$-78,$-78,$-78,$113,113,$-0.69,$-0.69,$130,$0,$0,$131,$0,$0,$0,$1,$1,$132,$10,$0,$0,$1,$11,$0,$-451,$0,$121,$132,$-78,$0,$68,$69,$0,$0,$-1,$0,$0,$-10,$-0,$0,$0,$0,$0,$0,$0,$-0,$0,$0,$0,$97,$97,$0,$0,$97,$87,$68,$0
15,2014-12-31,5.07,$0.32,15.65,$0.01,371.38,$-0.88,0.0,$-0.31,0.0,$0.04B,$0.01B,4.07,$0.00B,$0.03B,0.0,$0.00B,$0.00B,100.00%,$0.00B,$-0.04B,-4400.00%,$0.00B,$-0.04B,-4400.00%,$0.00B,$-0.04B,-4300.00%,$0.00B,$-0.03B,-3200.00%,$0.00B,$-0.03B,-3200.00%,$-0.03B,$0.03B,-85.33%,$-0.03B,$0.03B,-85.33%,$-0.03B,$0.05B,-60.38%,$-0.04B,$0.03B,-117.33%,$0,$0,$0,$8,$3,$11,$-11,$0,$-10,$0,$-10,$-10,$-10,$-10,$-11,$101,101,$-0.09,$-0.09,$43,$0,$0,$44,$1,$0,$0,$1,$1,$45,$11,$0,$0,$1,$11,$0,$-373,$0,$34,$45,$-32,$0,$-7,$-7,$0,$0,$2,$-1,$2,$-37,$-0,$0,$0,$0,$0,$0,$0,$-0,$0,$0,$0,$11,$11,$0,$0,$11,$-25,$5,$0
16,2014-09-30,2.64,$0.36,7.43,$0.01,209.24,$-1.21,0.0,$-0.31,0.0,$0.05B,$0.01B,4.09,$0.00B,$0.04B,0.0,$0.00B,$0.00B,100.00%,$0.00B,$-0.04B,-4000.00%,$0.00B,$-0.04B,-4000.00%,$0.00B,$-0.04B,-4000.00%,$0.00B,$-0.03B,-3100.00%,$0.00B,$-0.03B,-3100.00%,$-0.03B,$0.04B,-75.15%,$-0.03B,$0.04B,-75.15%,$-0.03B,$0.05B,-51.88%,$-0.04B,$0.04B,-96.97%,$1,$0,$1,$10,$3,$13,$-12,$6,$-6,$0,$-6,$-6,$-6,$-12,$-12,$100,100,$-0.06,$-0.06,$46,$0,$0,$48,$1,$0,$0,$1,$1,$49,$12,$0,$0,$1,$13,$0,$-362,$0,$36,$49,$-21,$0,$-8,$-8,$-0,$0,$2,$-1,$2,$-27,$-0,$0,$0,$0,$0,$0,$0,$-0,$0,$0,$0,$5,$5,$0,$0,$5,$-22,$4,$0
17,2014-06-30,4.03,$0.37,10.76,$0.01,0.0,$-1.55,0.0,$-0.45,0.0,$0.05B,$0.01B,5.01,$0.00B,$0.04B,0.0,$0.00B,0,nan%,$0.00B,$-0.04B,inf%,$0.00B,$-0.04B,inf%,$0.00B,$-0.04B,inf%,$0.00B,$-0.04B,inf%,$0.00B,$-0.04B,inf%,$-0.04B,$0.04B,-126.32%,$-0.04B,$0.04B,-126.32%,$-0.04B,$0.06B,-76.71%,$-0.04B,$0.04B,-111.28%,$0,$0,$0,$8,$3,$11,$-11,$6,$-6,$0,$-6,$-6,$-6,$-11,$-11,$100,100,$-0.06,$-0.06,$53,$0,$0,$54,$1,$0,$0,$1,$1,$55,$11,$0,$6,$7,$18,$0,$-356,$0,$38,$55,$-15,$0,$-3,$-3,$0,$0,$0,$0,$2,$-16,$-0,$0,$0,$0,$0,$0,$0,$-0,$0,$0,$0,$1,$1,$0,$0,$1,$-15,$2,$0
18,2014-03-31,4.58,$0.41,11.04,$0.01,0.0,$-1.81,0.0,$-0.61,0.0,$0.06B,$0.01B,8.43,$0.00B,$0.04B,0.0,$0.00B,0,nan%,$0.00B,$-0.04B,inf%,$0.00B,$-0.04B,inf%,$0.00B,$-0.04B,inf%,$0.00B,$-0.06B,inf%,$0.00B,$-0.06B,inf%,$-0.06B,$0.04B,-192.98%,$-0.06B,$0.04B,-192.98%,$-0.06B,$0.06B,-104.76%,$-0.04B,$0.04B,-154.39%,$0,$0,$0,$7,$3,$10,$-10,$0,$-10,$0,$-10,$-10,$-10,$-10,$-10,$100,100,$-0.10,$-0.10,$60,$0,$0,$62,$1,$0,$0,$1,$1,$63,$7,$0,$12,$14,$22,$0,$-351,$0,$42,$63,$-10,$0,$1,$1,$0,$0,$0,$0,$-0,$-9,$-0,$0,$0,$0,$0,$0,$0,$-0,$0,$0,$0,$1,$1,$0,$0,$1,$-8,$1,$0
19,2013-12-31,4.34,$0.49,8.8,$0.01,0.0,$-1.95,0.0,$-0.66,0.0,$0.07B,$0.01B,9.02,$0.00B,$0.05B,0.0,$0.00B,0,nan%,$0.00B,$-0.06B,inf%,$0.00B,$-0.06B,inf%,$0.00B,$-0.06B,inf%,$0.00B,$-0.06B,inf%,$0.00B,$-0.06B,inf%,$-0.06B,$0.05B,-210.91%,$-0.06B,$0.05B,-210.91%,$-0.06B,$0.07B,-110.48%,$-0.06B,$0.05B,-210.91%,$0,$0,$0,$3,$4,$7,$-7,$-2,$-9,$0,$-9,$-9,$-9,$-7,$-7,$86,86,$-0.09,$-0.09,$68,$0,$0,$70,$1,$0,$0,$1,$1,$72,$8,$0,$12,$15,$22,$0,$-341,$0,$49,$72,$-57,$1,$3,$4,$-0,$0,$-1,$5,$-6,$-60,$-0,$0,$0,$0,$0,$0,$0,$-0,$0,$0,$0,$55,$55,$0,$0,$55,$-5,$4,$0
20,2013-09-30,3.94,$0.04,90.78,$0.01,0.0,$-2.28,0.0,$-0.94,0.0,$0.03B,$0.01B,2.04,$0.00B,$0.00B,0.0,$0.00B,0,nan%,$0.00B,$-0.09B,inf%,$0.00B,$-0.09B,inf%,$0.00B,$-0.09B,inf%,$0.00B,$-0.08B,inf%,$0.00B,$-0.08B,inf%,$-0.08B,$0.00B,-289.91%,$-0.08B,$0.00B,-289.91%,$-0.08B,$0.03B,-142.99%,$-0.09B,$0.00B,-330.28%,$0,$0,$0,$6,$3,$9,$-9,$-8,$-17,$0,$-17,$-17,$-17,$-9,$-9,$83,83,$-0.20,$-0.20,$24,$0,$0,$27,$1,$0,$0,$1,$2,$29,$13,$0,$10,$12,$26,$0,$-332,$0,$4,$29,$-48,$1,$-0,$0,$-0,$0,$-1,$3,$-3,$-50,$-0,$0,$0,$0,$0,$0,$0,$-0,$0,$0,$0,$1,$1,$0,$0,$1,$-50,$2,$0
21,2013-06-30,2.11,$0.23,9.12,$0.01,0.0,$-2.41,0.0,$-0.97,0.0,$0.04B,$0.02B,2.05,$0.00B,$0.02B,0.0,$0.00B,0,nan%,$0.00B,$-0.10B,inf%,$0.00B,$-0.10B,inf%,$0.00B,$-0.10B,inf%,$0.00B,$-0.08B,inf%,$0.00B,$-0.08B,inf%,$-0.08B,$0.02B,-195.12%,$-0.08B,$0.02B,-195.12%,$-0.08B,$0.05B,-107.38%,$-0.10B,$0.02B,-251.22%,$0,$0,$0,$15,$4,$18,$-18,$-0,$-19,$0,$-19,$-19,$-19,$-18,$-18,$83,83,$-0.22,$-0.22,$39,$0,$0,$43,$2,$0,$0,$1,$3,$46,$21,$0,$3,$5,$26,$0,$-315,$0,$19,$46,$-31,$0,$-9,$-8,$0,$0,$-0,$3,$5,$-35,$-0,$0,$0,$0,$0,$0,$0,$-0,$0,$0,$0,$1,$1,$0,$0,$1,$-34,$2,$0
22,2013-03-31,1.83,$0.45,4.04,$0.01,182.12,$-2.55,0.0,$-1.05,0.0,$0.06B,$0.02B,2.97,$0.00B,$0.04B,0.0,$0.00B,0,nan%,$0.00B,$-0.11B,inf%,$0.00B,$-0.11B,inf%,$0.00B,$-0.11B,inf%,$0.00B,$-0.09B,inf%,$0.00B,$-0.09B,inf%,$-0.09B,$0.04B,-153.85%,$-0.09B,$0.04B,-153.85%,$-0.09B,$0.06B,-90.91%,$-0.11B,$0.04B,-195.48%,$0,$0,$0,$19,$5,$24,$-24,$11,$-13,$0,$-13,$-13,$-13,$-23,$-24,$83,83,$-0.15,$-0.15,$56,$0,$0,$61,$2,$0,$0,$1,$3,$63,$20,$0,$2,$5,$25,$0,$-297,$0,$38,$63,$-13,$0,$-9,$-9,$-0,$0,$-1,$2,$4,$-18,$-0,$0,$0,$0,$0,$0,$0,$-0,$0,$0,$0,$1,$1,$0,$0,$1,$-18,$2,$0
23,2012-12-31,4.16,$0.58,7.15,$0.01,404.64,$-2.67,0.0,$-1.22,0.0,$0.08B,$0.02B,4.26,$0.00B,$0.05B,0.0,$0.00B,0,nan%,$0.00B,$-0.10B,inf%,$0.00B,$-0.10B,inf%,$0.00B,$-0.10B,inf%,$0.00B,$-0.10B,inf%,$0.00B,$-0.10B,inf%,$-0.10B,$0.05B,-136.65%,$-0.10B,$0.05B,-136.65%,$-0.10B,$0.08B,-84.96%,$-0.10B,$0.05B,-146.62%,$0,$0,$0,$35,$4,$39,$-39,$9,$-30,$0,$-30,$-30,$-30,$-39,$-39,$79,79,$-0.37,$-0.37,$73,$0,$0,$80,$2,$0,$0,$1,$3,$83,$19,$0,$13,$16,$35,$0,$-284,$0,$48,$83,$-96,$1,$18,$18,$0,$0,$-0,$-6,$-1,$-79,$-2,$0,$0,$0,$0,$0,$0,$-2,$0,$0,$0,$49,$49,$0,$0,$49,$-31,$24,$0
24,2012-09-30,5.45,$0.74,7.35,$0.01,506.3,$-2.25,0.0,$-1.04,0.0,$0.10B,$0.02B,4.72,$0.00B,$0.06B,0.0,$0.00B,0,nan%,$0.00B,$-0.08B,inf%,$0.00B,$-0.08B,inf%,$0.00B,$-0.08B,inf%,$0.00B,$-0.08B,inf%,$0.00B,$-0.08B,inf%,$-0.08B,$0.06B,-103.61%,$-0.08B,$0.06B,-103.61%,$-0.08B,$0.11B,-66.25%,$-0.08B,$0.06B,-104.92%,$0,$0,$0,$16,$6,$22,$-22,$4,$-18,$0,$-18,$-18,$-18,$-22,$-22,$79,79,$-0.23,$-0.23,$95,$0,$0,$103,$2,$0,$0,$1,$3,$106,$22,$0,$22,$25,$47,$0,$-253,$0,$59,$106,$-66,$0,$6,$7,$0,$0,$3,$-6,$2,$-57,$-1,$0,$0,$0,$0,$0,$0,$-1,$0,$0,$0,$49,$49,$0,$0,$49,$-9,$3,$0
25,2012-06-30,5.95,$0.95,6.26,$0.01,533.21,$-1.89,0.0,$-0.82,0.0,$0.12B,$0.02B,6.72,$0.00B,$0.08B,0.0,$0.00B,0,nan%,$0.00B,$-0.07B,inf%,$0.00B,$-0.07B,inf%,$0.00B,$-0.07B,inf%,$0.00B,$-0.06B,inf%,$0.00B,$-0.06B,inf%,$-0.06B,$0.08B,-75.15%,$-0.06B,$0.08B,-75.15%,$-0.06B,$0.12B,-50.30%,$-0.07B,$0.08B,-87.27%,$0,$0,$0,$18,$5,$23,$-23,$-1,$-24,$0,$-24,$-24,$-24,$-23,$-23,$79,79,$-0.30,$-0.30,$110,$0,$0,$119,$2,$0,$0,$1,$3,$122,$18,$0,$25,$29,$47,$0,$-236,$0,$76,$122,$-48,$0,$9,$9,$0,$0,$-0,$-8,$-4,$-43,$-1,$0,$0,$0,$0,$0,$0,$-1,$0,$0,$0,$49,$49,$0,$0,$49,$6,$2,$0
26,2012-03-31,5.4,$1.23,4.4,$0.01,466.06,$-1.54,0.0,$-0.68,0.0,$0.14B,$0.01B,9.69,$0.00B,$0.10B,0.0,$0.00B,0,nan%,$0.00B,$-0.06B,inf%,$0.00B,$-0.06B,inf%,$0.00B,$-0.06B,inf%,$0.00B,$-0.05B,inf%,$0.00B,$-0.05B,inf%,$-0.05B,$0.10B,-57.99%,$-0.05B,$0.10B,-57.99%,$-0.05B,$0.14B,-38.89%,$-0.06B,$0.10B,-73.37%,$0,$0,$0,$14,$5,$19,$-19,$-6,$-24,$0,$-24,$-24,$-24,$-19,$-19,$76,76,$-0.32,$-0.32,$128,$0,$0,$139,$1,$0,$0,$1,$2,$141,$14,$0,$25,$29,$43,$0,$-212,$0,$98,$141,$-24,$0,$7,$7,$0,$0,$0,$-10,$-9,$-26,$-0,$0,$0,$0,$0,$0,$0,$-0,$0,$0,$0,$49,$49,$0,$0,$49,$23,$1,$0
27,2011-12-31,4.41,$1.03,4.26,$0.01,438.78,$-1.34,0.0,$-1.01,0.0,$0.11B,$0.01B,7.94,$0.00B,$0.07B,0.0,$0.00B,0,nan%,$0.00B,$-0.07B,inf%,$0.00B,$-0.07B,inf%,$0.00B,$-0.07B,inf%,$0.00B,$-0.06B,inf%,$0.00B,$-0.06B,inf%,$-0.06B,$0.07B,-79.50%,$-0.06B,$0.07B,-79.50%,$-0.06B,$0.11B,-51.82%,$-0.07B,$0.07B,-88.20%,$0,$0,$0,$13,$4,$17,$-16,$3,$-13,$0,$-13,$-13,$-13,$-16,$-16,$66,66,$-0.15,$-0.15,$105,$0,$0,$106,$1,$0,$0,$1,$2,$108,$13,$0,$19,$23,$37,$0,$-188,$0,$72,$108,$-64,$0,$13,$13,$-0,$0,$1,$3,$12,$-39,$-1,$0,$0,$0,$0,$0,$0,$-1,$0,$0,$0,$84,$84,$0,$0,$84,$44,$20,$0
28,2011-09-30,4.41,$1.23,3.59,$0.01,0.0,$-1.17,0.0,$-1.07,0.0,$0.12B,$0.01B,10.23,$0.00B,$0.08B,0.0,$0.00B,0,nan%,$0.00B,$-0.06B,inf%,$0.00B,$-0.06B,inf%,$0.00B,$-0.06B,inf%,$0.00B,$-0.06B,inf%,$0.00B,$-0.06B,inf%,$-0.06B,$0.08B,-89.68%,$-0.06B,$0.08B,-89.68%,$-0.06B,$0.12B,-56.25%,$-0.06B,$0.08B,-86.83%,$0,$0,$0,$11,$4,$14,$-14,$13,$-1,$0,$-1,$-1,$-1,$-14,$-14,$68,68,$-0.01,$-0.01,$119,$0,$0,$120,$1,$0,$0,$1,$2,$122,$12,$0,$23,$26,$38,$0,$-174,$0,$84,$122,$-51,$0,$15,$15,$-0,$0,$1,$3,$10,$-25,$-1,$0,$0,$0,$0,$0,$0,$-1,$0,$0,$0,$84,$84,$0,$0,$84,$59,$19,$0
29,2011-06-30,6.12,$1.23,4.97,$0.00,0.0,$-1.08,0.0,$-1.32,0.0,$0.13B,$0.01B,15.11,$0.00B,$0.08B,0.0,$0.00B,0,nan%,$0.00B,$-0.06B,inf%,$0.00B,$-0.06B,inf%,$0.00B,$-0.06B,inf%,$0.00B,$-0.07B,inf%,$0.00B,$-0.07B,inf%,$-0.07B,$0.08B,-123.85%,$-0.07B,$0.08B,-123.85%,$-0.07B,$0.13B,-75.32%,$-0.06B,$0.08B,-93.72%,$0,$0,$0,$9,$4,$13,$-13,$2,$-11,$0,$-11,$-11,$-11,$-13,$-13,$67,67,$-0.16,$-0.16,$130,$0,$0,$131,$1,$0,$0,$1,$2,$133,$9,$0,$36,$40,$49,$0,$-174,$0,$84,$133,$-50,$0,$28,$28,$0,$0,$1,$4,$8,$-14,$-0,$0,$0,$0,$0,$0,$0,$-0,$0,$0,$0,$84,$84,$0,$0,$84,$70,$19,$0
30,2011-03-31,6.25,$1.24,5.04,$0.00,0.0,$-1.03,0.0,$-0.97,0.0,$0.13B,$0.01B,19.86,$0.00B,$0.08B,0.0,$0.00B,0,nan%,$0.00B,$-0.05B,inf%,$0.00B,$-0.05B,inf%,$0.00B,$-0.05B,inf%,$0.00B,$-0.05B,inf%,$0.00B,$-0.05B,inf%,$-0.05B,$0.08B,-102.86%,$-0.05B,$0.08B,-102.86%,$-0.05B,$0.13B,-64.67%,$-0.05B,$0.08B,-91.43%,$0,$0,$0,$25,$3,$28,$-28,$-11,$-39,$0,$-39,$-39,$-39,$-28,$-28,$60,60,$-0.65,$-0.65,$124,$0,$0,$130,$0,$0,$0,$0,$1,$131,$7,$0,$38,$42,$49,$0,$-163,$0,$82,$131,$-39,$0,$29,$29,$-5,$0,$1,$4,$2,$-8,$-0,$0,$0,$0,$0,$0,$0,$-0,$0,$0,$0,$72,$72,$0,$0,$72,$64,$18,$0
31,2010-12-31,4.66,$0.63,7.39,0,0.0,$-0.99,0.0,$-0.76,0.0,$0.06B,$0.00B,16.84,$0.00B,$0.03B,0.0,$0.00B,0,nan%,$0.00B,$-0.03B,inf%,$0.00B,$-0.03B,inf%,$0.00B,$-0.02B,inf%,$0.00B,$-0.03B,inf%,$0.00B,$-0.03B,inf%,$-0.03B,$0.03B,-94.96%,$-0.03B,$0.03B,-94.96%,$-0.03B,$0.06B,-53.01%,$-0.03B,$0.03B,-71.94%,$0,$0,$0,$3,$3,$6,$-6,$-5,$-12,$0,$-12,$-12,$-12,$-6,$-6,$46,46,$-0.22,$-0.20,$60,$0,$0,$61,$0,$0,$0,$0,$1,$62,$4,$0,$27,$27,$31,$0,$-124,$0,$31,$62,$-33,$0,$13,$13,$0,$0,$-1,$-0,$0,$-20,$-0,$0,$0,$0,$0,$0,$0,$-0,$0,$0,$0,$31,$31,$0,$0,$31,$12,$4,$0
32,2010-09-30,3.75,$0.87,4.31,0,0.0,$-1.09,0.0,$-0.48,0.0,$0.07B,$0.00B,16.27,$0.00B,$0.04B,0.0,$0.00B,0,nan%,$0.00B,$-0.02B,inf%,$0.00B,$-0.02B,inf%,$0.00B,$-0.02B,inf%,$0.00B,$-0.02B,inf%,$0.00B,$-0.02B,inf%,$-0.02B,$0.04B,-58.82%,$-0.02B,$0.04B,-58.82%,$-0.02B,$0.07B,-33.76%,$-0.02B,$0.04B,-67.65%,$0,$0,$0,$6,$3,$9,$-9,$-4,$-12,$0,$-12,$-12,$-12,$-8,$-9,$47,47,$-0.26,$-0.26,$66,$0,$0,$67,$0,$0,$0,$0,$1,$67,$4,$0,$21,$21,$25,$0,$-112,$0,$42,$67,$-21,$0,$6,$6,$0,$0,$-1,$-0,$1,$-14,$-0,$0,$0,$0,$0,$0,$0,$-0,$0,$0,$0,$32,$32,$0,$0,$32,$18,$3,$0
33,2010-06-30,3.18,$1.12,2.84,0,0.0,$-1.20,0.0,$-0.35,0.0,$0.07B,$0.00B,32.08,$0.00B,$0.06B,0.0,$0.00B,0,nan%,$0.00B,$-0.02B,inf%,$0.00B,$-0.02B,inf%,$0.00B,$-0.02B,inf%,$0.00B,$-0.01B,inf%,$0.00B,$-0.01B,inf%,$-0.01B,$0.06B,-44.90%,$-0.01B,$0.06B,-44.90%,$-0.01B,$0.07B,-24.72%,$-0.02B,$0.06B,-69.39%,$0,$0,$0,$2,$3,$5,$-5,$14,$9,$0,$9,$9,$9,$-5,$-5,$42,49,$0.21,$0.19,$74,$0,$0,$74,$0,$0,$0,$0,$1,$74,$2,$0,$17,$17,$20,$0,$-100,$0,$55,$74,$-9,$0,$1,$1,$0,$0,$-1,$0,$-1,$-8,$-0,$0,$0,$0,$0,$0,$0,$-0,$0,$0,$0,$33,$33,$0,$0,$33,$25,$2,$0
34,2010-03-31,5.08,$0.27,18.61,0,0.0,$-1.36,0.0,$-0.65,0.0,$0.05B,$0.00B,16.01,$0.00B,$0.01B,0.0,$0.00B,0,nan%,$0.00B,$-0.01B,inf%,$0.00B,$-0.01B,inf%,$0.00B,$-0.01B,inf%,$0.00B,$-0.02B,inf%,$0.00B,$-0.02B,inf%,$-0.02B,$0.01B,-195.56%,$-0.02B,$0.01B,-195.56%,$-0.02B,$0.05B,-80.73%,$-0.01B,$0.01B,-124.44%,$0,$0,$0,$2,$3,$5,$-5,$-13,$-18,$0,$-18,$-18,$-18,$-5,$-5,$40,40,$-0.44,$-0.44,$45,$0,$0,$45,$0,$0,$0,$0,$0,$46,$3,$0,$32,$32,$34,$0,$-109,$0,$11,$46,$-18,$0,$14,$14,$0,$0,$-0,$0,$-0,$-4,$-0,$0,$0,$0,$0,$0,$0,$-0,$0,$0,$0,$0,$0,$0,$0,$0,$-4,$1,$0
35,2009-12-31,2.96,$0.68,4.38,0,0.0,$-1.48,0.0,$-0.37,0.0,$0.05B,$0.00B,15.89,$0.00B,$0.03B,0.0,$0.00B,0,nan%,$0.00B,$-0.01B,inf%,$0.00B,$-0.01B,inf%,$0.00B,$-0.01B,inf%,$0.00B,$-0.01B,inf%,$0.00B,$-0.01B,inf%,$-0.01B,$0.03B,-73.68%,$-0.01B,$0.03B,-73.68%,$-0.01B,$0.05B,-39.44%,$-0.01B,$0.03B,-126.32%,$0,$0,$0,$1,$3,$4,$-4,$5,$1,$0,$1,$1,$1,$-4,$-4,$23,23,$0.07,$0.07,$49,$0,$0,$49,$0,$0,$0,$0,$1,$50,$3,$0,$18,$19,$22,$0,$-91,$0,$28,$50,$-8,$0,$-2,$-2,$0,$0,$-1,$0,$-3,$-12,$-0,$0,$0,$0,$0,$0,$0,$-0,$0,$0,$0,$50,$50,$0,$0,$50,$37,$2,$0
36,2009-09-30,2.74,$0.15,17.86,0,0.0,$-2.06,0.0,$-0.61,0.0,$0.01B,$0.00B,2.12,$0.00B,$0.00B,0.0,$0.00B,0,nan%,$0.00B,$-0.01B,inf%,$0.00B,$-0.01B,inf%,$0.00B,$-0.01B,inf%,$0.00B,$-0.01B,inf%,$0.00B,$-0.01B,inf%,$-0.01B,$0.00B,-305.88%,$-0.01B,$0.00B,-305.88%,$-0.01B,$0.01B,-152.94%,$-0.01B,$0.00B,-305.88%,$0,$0,$0,$1,$1,$3,$-3,$-0,$-3,$0,$-3,$-3,$-3,$-2,$-3,$22,22,$-0.13,$-0.13,$7,$0,$0,$7,$0,$0,$0,$0,$1,$8,$4,$0,$1,$1,$4,$0,$-92,$0,$4,$8,$-9,$0,$2,$2,$0,$0,$-1,$-0,$-2,$-9,$-0,$0,$0,$0,$0,$0,$0,$-0,$0,$0,$0,$5,$5,$0,$0,$5,$-4,$1,$0
37,2009-06-30,1.63,$0.08,21.17,0,0.0,$-2.59,0.0,$-0.74,0.0,$0.01B,$0.00B,1.39,$0.00B,$0.00B,0.0,$0.00B,0,nan%,$0.00B,$-0.02B,inf%,$0.00B,$-0.02B,inf%,$0.00B,$-0.02B,inf%,$0.00B,$-0.02B,inf%,$0.00B,$-0.02B,inf%,$-0.02B,$0.00B,-266.67%,$-0.02B,$0.00B,-266.67%,$-0.02B,$0.01B,-148.84%,$-0.02B,$0.00B,-266.67%,$0,$0,$0,$1,$2,$2,$-2,$-0,$-2,$0,$-2,$-2,$-2,$-2,$-2,$21,21,$-0.11,$-0.11,$5,$0,$0,$5,$0,$0,$0,$0,$1,$5,$3,$0,$0,$0,$4,$0,$-89,$0,$2,$5,$-6,$0,$1,$1,$0,$0,$-1,$0,$-2,$-7,$-0,$0,$0,$0,$0,$0,$0,$-0,$0,$0,$0,$0,$0,$0,$0,$0,$-7,$1,$0
38,2009-03-31,0.63,$0.17,3.68,0,0.0,$-2.92,0.0,$-0.94,0.0,$0.01B,$0.00B,1.77,$0.00B,$0.00B,0.0,$0.00B,0,nan%,$0.00B,$-0.02B,inf%,$0.00B,$-0.02B,inf%,$0.00B,$-0.02B,inf%,$0.00B,$-0.02B,inf%,$0.00B,$-0.02B,inf%,$-0.02B,$0.00B,-221.05%,$-0.02B,$0.00B,-221.05%,$-0.02B,$0.01B,-140.00%,$-0.02B,$0.00B,-221.05%,$0,$0,$0,$2,$2,$3,$-3,$-0,$-3,$0,$-3,$-3,$-3,$-3,$-3,$21,21,$-0.16,$-0.16,$7,$0,$0,$7,$0,$0,$0,$0,$1,$8,$4,$0,$0,$0,$4,$0,$-87,$0,$4,$8,$-3,$0,$0,$1,$0,$0,$-1,$0,$-2,$-5,$-0,$0,$0,$0,$0,$0,$0,$-0,$0,$0,$0,$0,$0,$0,$0,$0,$-5,$0,$0
39,2008-12-31,0.58,$0.31,1.88,0,0.0,$-3.06,0.0,$-1.19,0.0,$0.01B,$0.01B,2.03,$0.00B,$0.01B,0.0,$0.00B,0,nan%,$0.00B,$-0.03B,inf%,$0.00B,$-0.03B,inf%,$0.00B,$-0.03B,inf%,$0.00B,$-0.03B,inf%,$0.00B,$-0.03B,inf%,$-0.03B,$0.01B,-192.86%,$-0.03B,$0.01B,-192.86%,$-0.03B,$0.01B,-133.33%,$-0.03B,$0.01B,-192.86%,$0,$0,$0,$3,$2,$5,$-5,$0,$-5,$0,$-5,$-5,$-5,$-4,$-5,$21,21,$-0.21,$-0.21,$11,$0,$0,$12,$0,$0,$0,$0,$1,$13,$6,$0,$0,$0,$6,$0,$-85,$0,$7,$13,$-25,$0,$2,$2,$0,$0,$-0,$0,$-0,$-24,$-0,$0,$0,$0,$0,$0,$0,$-0,$0,$0,$0,$0,$0,$0,$0,$0,$-24,$2,$0
40,2008-09-30,1.69,$0.52,3.27,0,0.0,$-3.14,0.0,$-1.34,0.0,$0.02B,$0.01B,2.77,$0.00B,$0.01B,0.0,$0.00B,0,nan%,$0.00B,$-0.03B,inf%,$0.00B,$-0.03B,inf%,$0.00B,$-0.03B,inf%,$0.00B,$-0.03B,inf%,$0.00B,$-0.03B,inf%,$-0.03B,$0.01B,-151.90%,$-0.03B,$0.01B,-151.90%,$-0.03B,$0.02B,-114.29%,$-0.03B,$0.01B,-151.90%,$0,$0,$0,$4,$2,$6,$-6,$0,$-6,$0,$-6,$-6,$-6,$-6,$-6,$21,21,$-0.26,$-0.26,$15,$0,$0,$16,$1,$0,$0,$0,$1,$17,$6,$0,$0,$0,$6,$0,$-80,$0,$11,$17,$-21,$0,$1,$2,$0,$0,$-1,$-0,$-1,$-20,$-0,$0,$0,$0,$0,$0,$0,$-0,$0,$0,$0,$0,$0,$0,$0,$0,$-20,$1,$0
41,2008-06-30,2.15,$0.76,2.84,0,0.0,$-2.98,0.0,$-1.43,0.0,$0.02B,$0.01B,3.45,$0.00B,$0.02B,0.0,$0.00B,0,nan%,$0.00B,$-0.03B,inf%,$0.00B,$-0.03B,inf%,$0.00B,$-0.03B,inf%,$0.00B,$-0.03B,inf%,$0.00B,$-0.03B,inf%,$-0.03B,$0.02B,-116.98%,$-0.03B,$0.02B,-116.98%,$-0.03B,$0.02B,-94.66%,$-0.03B,$0.02B,-120.75%,$0,$0,$0,$4,$2,$7,$-7,$0,$-7,$0,$-7,$-7,$-7,$-7,$-7,$21,21,$-0.31,$-0.31,$21,$0,$0,$21,$1,$0,$0,$0,$1,$22,$6,$0,$0,$0,$6,$0,$-75,$0,$16,$22,$-15,$0,$1,$1,$0,$0,$-1,$0,$0,$-14,$-0,$0,$0,$0,$0,$0,$0,$-0,$0,$0,$0,$0,$0,$0,$0,$0,$-14,$1,$0
42,2008-03-31,2.94,$1.04,2.83,0,0.0,$-2.83,0.0,$-1.43,0.0,$0.03B,$0.01B,4.13,$0.00B,$0.02B,0.0,$0.00B,0,nan%,$0.00B,$-0.03B,inf%,$0.00B,$-0.03B,inf%,$0.00B,$-0.03B,inf%,$0.00B,$-0.03B,inf%,$0.00B,$-0.03B,inf%,$-0.03B,$0.02B,-91.85%,$-0.03B,$0.02B,-91.85%,$-0.03B,$0.03B,-78.48%,$-0.03B,$0.02B,-94.81%,$0,$0,$0,$6,$3,$9,$-9,$0,$-9,$0,$-9,$-9,$-9,$-9,$-9,$21,21,$-0.41,$-0.41,$27,$0,$0,$28,$1,$0,$0,$0,$1,$29,$7,$0,$0,$0,$7,$0,$-68,$0,$22,$29,$-9,$0,$0,$1,$0,$0,$-0,$0,$1,$-7,$-0,$0,$0,$0,$0,$0,$0,$-0,$0,$0,$0,$0,$0,$0,$0,$0,$-8,$0,$0
43,2007-12-31,3.54,$1.43,2.48,0,0.0,$-2.74,0.0,$-1.31,0.0,$0.04B,$0.01B,5.63,$0.00B,$0.03B,0.0,$0.00B,0,nan%,$0.00B,$-0.03B,inf%,$0.00B,$-0.03B,inf%,$0.00B,$-0.03B,inf%,$0.00B,$-0.03B,inf%,$0.00B,$-0.03B,inf%,$-0.03B,$0.03B,-65.85%,$-0.03B,$0.03B,-65.85%,$-0.03B,$0.04B,-59.02%,$-0.03B,$0.03B,-68.29%,$0,$0,$0,$6,$2,$8,$-8,$0,$-8,$0,$-8,$-8,$-8,$-8,$-8,$19,19,$-0.46,$-0.46,$35,$0,$0,$36,$1,$0,$0,$0,$1,$37,$6,$0,$0,$0,$6,$0,$-60,$0,$30,$37,$-27,$0,$1,$2,$0,$0,$2,$-0,$3,$-22,$-1,$0,$0,$2,$0,$2,$0,$1,$0,$0,$0,$29,$29,$0,$0,$29,$8,$1,$0
44,2007-09-30,3.3,$1.78,1.86,0,0.0,$-2.72,0.0,$-1.33,0.0,$0.04B,$0.01B,8.21,$0.00B,$0.04B,0.0,$0.00B,0,nan%,$0.00B,$-0.03B,inf%,$0.00B,$-0.03B,inf%,$0.00B,$-0.03B,inf%,$0.00B,$-0.03B,inf%,$0.00B,$-0.03B,inf%,$-0.03B,$0.04B,-62.11%,$-0.03B,$0.04B,-62.11%,$-0.03B,$0.04B,-56.82%,$-0.03B,$0.04B,-64.60%,$0,$0,$0,$6,$2,$8,$-8,$1,$-7,$0,$-7,$-7,$-7,$-8,$-8,$21,21,$-0.35,$-0.35,$41,$0,$0,$42,$1,$0,$0,$0,$1,$43,$5,$0,$0,$0,$5,$0,$-52,$0,$38,$43,$-19,$0,$1,$1,$0,$0,$1,$-0,$2,$-16,$-1,$0,$0,$2,$0,$2,$0,$1,$0,$0,$0,$29,$29,$0,$0,$29,$14,$1,$0
45,2007-06-30,5.15,$2.11,2.44,0,0.0,$-2.51,0.0,$-1.21,0.0,$0.05B,$0.00B,12.43,$0.00B,$0.05B,0.0,$0.00B,0,nan%,$0.00B,$-0.02B,inf%,$0.00B,$-0.02B,inf%,$0.00B,$-0.02B,inf%,$0.00B,$-0.02B,inf%,$0.00B,$-0.02B,inf%,$-0.02B,$0.05B,-54.19%,$-0.02B,$0.05B,-54.19%,$-0.02B,$0.05B,-50.00%,$-0.02B,$0.05B,-56.77%,$0,$0,$0,$4,$3,$7,$-7,$1,$-7,$0,$-7,$-7,$-7,$-7,$-7,$21,21,$-0.31,$-0.31,$47,$0,$0,$48,$1,$0,$0,$0,$1,$49,$4,$0,$0,$0,$4,$0,$-45,$0,$45,$49,$-12,$0,$1,$1,$0,$0,$1,$-1,$0,$-10,$-0,$0,$0,$2,$0,$2,$0,$1,$0,$0,$0,$29,$29,$0,$0,$29,$20,$1,$0
46,2007-03-31,5.11,$2.40,2.13,0,0.0,$-2.49,0.0,$-1.33,0.0,$0.05B,$0.00B,15.87,$0.00B,$0.05B,0.0,$0.00B,0,nan%,$0.00B,$-0.02B,inf%,$0.00B,$-0.02B,inf%,$0.00B,$-0.02B,inf%,$0.00B,$-0.02B,inf%,$0.00B,$-0.02B,inf%,$-0.02B,$0.05B,-52.41%,$-0.02B,$0.05B,-52.41%,$-0.02B,$0.05B,-48.41%,$-0.02B,$0.05B,-57.93%,$0,$0,$0,$3,$2,$5,$-5,$0,$-5,$0,$-5,$-5,$-5,$-5,$-5,$18,18,$-0.29,$-0.29,$53,$0,$0,$53,$1,$0,$0,$0,$1,$54,$3,$0,$0,$0,$3,$0,$-38,$0,$51,$54,$-5,$0,$0,$0,$0,$0,$0,$-0,$0,$-4,$-0,$0,$0,$2,$0,$2,$0,$1,$0,$0,$0,$29,$29,$0,$0,$29,$26,$0,$0
47,2006-12-31,5.97,$1.74,3.44,0,0.0,$-2.68,0.0,$-1.48,0.0,$0.03B,$0.00B,9.83,$0.00B,$0.03B,0.0,$0.00B,0,nan%,$0.00B,$-0.02B,inf%,$0.00B,$-0.02B,inf%,$0.00B,$-0.02B,inf%,$0.00B,$-0.02B,inf%,$0.00B,$-0.02B,inf%,$-0.02B,$0.03B,-69.39%,$-0.02B,$0.03B,-69.39%,$-0.02B,$0.03B,-62.39%,$-0.02B,$0.03B,-77.55%,$0,$0,$0,$4,$2,$6,$-6,$0,$-6,$0,$-6,$-6,$-6,$-6,$-6,$13,13,$-0.32,$-0.32,$28,$0,$0,$29,$0,$0,$0,$0,$1,$30,$3,$0,$0,$0,$3,$0,$-33,$0,$27,$30,$-18,$0,$3,$3,$0,$0,$-0,$-0,$0,$-14,$-0,$0,$0,$-2,$0,$-2,$0,$-2,$0,$0,$0,$34,$34,$0,$0,$34,$18,$3,$0
