,Date,Stock Price,Book Value per Share,Price to Book Ratio,TTM Sales per Share,Price to Sales Ratio,TTM FCF per Share,Price to FCF Ratio,TTM Net EPS,PE Ratio,Current Assets,Current Liabilities,Current Ratio,Long Term Debt,Shareholder's Equity_x,Debt to Equity Ratio,TTM Revenue_x,TTM Gross Profit,Gross Margin,TTM Revenue_y,TTM Operating Income,Operating Margin,TTM Revenue_x,TTM EBIT,EBIT Margin,TTM Revenue_y,TTM EBITDA,EBITDA Margin,TTM Revenue_x,TTM Pre-Tax Income,Pre-Tax Margin,TTM Revenue_y,TTM Net Income_x,Net Margin,TTM Net Income_y,Shareholder's Equity_y,Return on Equity,TTM Net Income_x,Tangible Equity,Return on Tangible Equity,TTM Net Income_y,Total Assets,Return on Assets,TTM Net Income,LT Investments & Debt,Return on Investment,revenue,cost-goods-sold,gross-profit,research-development-expenses,selling-general-administrative-expenses,operating-expenses,operating-income,total-non-operating-income-expense,pre-tax-income,total-provision-income-taxes,income-after-taxes,income-from-continuous-operations,net-income,ebitda,ebit,basic-shares-outstanding,shares-outstanding,eps-basic-net-earnings-per-share,eps-earnings-per-share-diluted,cash-on-hand,inventory,other-current-assets,total-current-assets,net-property-plant-equipment,long-term-investments,goodwill-intangible-assets-total,other-long-term-assets,total-long-term-assets,total-assets,total-current-liabilities,long-term-debt,other-non-current-liabilities,total-long-term-liabilities,total-liabilities,common-stock-net,retained-earnings-accumulated-deficit,comprehensive-income,total-share-holder-equity,total-liabilities-share-holders-equity,net-income-loss,total-depreciation-amortization-cash-flow,other-non-cash-items,total-non-cash-items,change-in-accounts-receivable,change-in-inventories,change-in-accounts-payable,change-in-assets-liabilities,total-change-in-assets-liabilities,cash-flow-from-operating-activities,net-change-in-property-plant-equipment,net-change-in-intangible-assets,net-acquisitions-divestitures,net-change-in-short-term-investments,net-change-in-long-term-investments,net-change-in-investments-total,investing-activities-other,cash-flow-from-investing-activities,net-long-term-debt,net-current-debt,debt-issuance-retirement-net-total,net-common-equity-issued-repurchased,net-total-equity-issued-repurchased,total-common-preferred-stock-dividends-paid,financial-activities-other,cash-flow-from-financial-activities,net-cash-flow,stock-based-compensation,common-stock-dividends-paid
0,2018-09-30,5.55,$0.94,5.93,$1.29,4.31,$0.53,10.54,$-0.17,0.0,$0.03B,$0.04B,0.79,$0.00B,$0.05B,0.0,$0.07B,$0.06B,78.57%,$0.07B,$0.01B,14.29%,$0.07B,$0.01B,14.29%,$0.07B,$0.01B,18.57%,$0.07B,$0.01B,15.71%,$0.07B,$-0.01B,-10.00%,$-0.01B,$0.05B,-14.81%,$-0.01B,$0.02B,-26.67%,$-0.01B,$0.09B,-8.26%,$0.01B,$0.05B,21.16%,$18,$4,$14,$3,$8,$15,$3,$0,$3,$1,$2,$2,$2,$4,$3,$52,53,$0.05,$0.05,$24,$0,$0,$30,$4,$0,$28,$9,$62,$92,$38,$0,$0,$3,$41,$1,$-226,$0,$51,$92,$6,$3,$5,$8,$-1,$0,$-1,$-0,$-2,$12,$-2,$0,$-12,$0,$0,$0,$0,$-14,$0,$0,$0,$-6,$-6,$0,$-1,$-7,$-9,$2,$0
1,2018-06-30,5.39,$0.87,6.17,$1.26,4.28,$0.57,9.39,$-0.14,0.0,$0.02B,$0.03B,0.7,$0.00B,$0.05B,0.0,$0.07B,$0.05B,78.26%,$0.07B,$0.01B,14.49%,$0.07B,$0.01B,14.49%,$0.07B,$0.01B,18.84%,$0.07B,$0.01B,15.94%,$0.07B,$-0.01B,-10.14%,$-0.01B,$0.05B,-14.29%,$-0.01B,$0.02B,-22.05%,$-0.01B,$0.09B,-8.19%,$0.01B,$0.05B,20.41%,$18,$4,$14,$3,$9,$15,$2,$0,$3,$1,$2,$2,$2,$3,$2,$52,53,$0.04,$0.03,$18,$0,$0,$23,$4,$0,$28,$8,$62,$85,$33,$0,$0,$5,$38,$1,$-228,$0,$47,$85,$4,$2,$3,$5,$-0,$0,$0,$-4,$-4,$4,$-1,$0,$-12,$0,$0,$0,$0,$-13,$0,$0,$0,$-6,$-6,$0,$-1,$-7,$-15,$1,$0
2,2018-03-31,4.27,$0.87,4.93,$1.23,3.47,$0.63,6.8,$-0.15,0.0,$0.03B,$0.03B,1.05,$0.00B,$0.05B,0.0,$0.07B,$0.05B,79.10%,$0.07B,$0.01B,16.42%,$0.07B,$0.01B,16.42%,$0.07B,$0.01B,19.40%,$0.07B,$0.01B,16.42%,$0.07B,$-0.01B,-11.94%,$-0.01B,$0.05B,-15.53%,$-0.01B,$0.03B,-20.92%,$-0.01B,$0.08B,-9.20%,$0.01B,$0.05B,21.36%,$17,$4,$13,$3,$8,$14,$3,$0,$3,$1,$2,$2,$2,$3,$3,$53,53,$0.04,$0.04,$29,$0,$0,$33,$4,$0,$14,$7,$48,$81,$32,$0,$0,$3,$34,$1,$-230,$0,$47,$81,$2,$1,$2,$2,$0,$0,$-0,$-2,$-3,$1,$-1,$0,$0,$0,$0,$0,$0,$-1,$0,$0,$0,$-4,$-4,$0,$-1,$-4,$-4,$1,$0
3,2017-12-31,4.38,$0.80,5.49,$1.21,3.61,$0.69,6.38,$-0.16,0.0,$0.04B,$0.04B,1.06,$0.00B,$0.04B,0.0,$0.07B,$0.05B,80.30%,$0.07B,$0.01B,16.67%,$0.07B,$0.01B,16.67%,$0.07B,$0.01B,19.70%,$0.07B,$0.01B,16.67%,$0.07B,$-0.01B,-12.12%,$-0.01B,$0.04B,-15.24%,$-0.01B,$0.03B,-19.88%,$-0.01B,$0.08B,-9.04%,$0.01B,$0.04B,20.95%,$17,$3,$14,$3,$9,$15,$2,$0,$2,$15,$-13,$-13,$-13,$3,$2,$53,53,$-0.24,$-0.23,$33,$0,$0,$38,$4,$0,$14,$0,$44,$81,$36,$0,$0,$2,$38,$1,$-236,$0,$44,$81,$-8,$3,$21,$24,$0,$0,$1,$1,$2,$18,$-3,$0,$-8,$0,$0,$0,$0,$-11,$0,$0,$0,$-0,$-0,$0,$0,$-0,$7,$3,$0
4,2017-09-30,4.89,$1.06,4.62,$1.19,4.12,$0.64,7.59,$0.12,40.75,$0.04B,$0.03B,1.09,$0.00B,$0.06B,0.0,$0.07B,$0.05B,80.00%,$0.07B,$0.01B,18.46%,$0.07B,$0.01B,18.46%,$0.07B,$0.01B,21.54%,$0.07B,$0.01B,18.46%,$0.07B,$0.01B,10.77%,$0.01B,$0.06B,13.02%,$0.01B,$0.05B,15.73%,$0.01B,$0.10B,7.89%,$0.01B,$0.06B,22.33%,$17,$3,$13,$3,$8,$14,$3,$0,$3,$1,$2,$2,$2,$4,$3,$54,55,$0.04,$0.03,$33,$0,$0,$37,$4,$0,$13,$0,$58,$95,$34,$0,$0,$3,$37,$1,$-223,$0,$58,$95,$5,$2,$5,$7,$0,$0,$0,$2,$2,$14,$-2,$0,$-8,$0,$0,$0,$0,$-10,$0,$0,$0,$2,$2,$0,$0,$2,$6,$2,$0
5,2017-06-30,5.69,$1.03,5.53,$1.17,4.86,$0.64,8.96,$0.12,47.42,$0.03B,$0.03B,1.07,$0.00B,$0.06B,0.0,$0.06B,$0.05B,82.54%,$0.06B,$0.01B,19.05%,$0.06B,$0.01B,19.05%,$0.06B,$0.01B,20.63%,$0.06B,$0.01B,19.05%,$0.06B,$0.01B,11.11%,$0.01B,$0.06B,13.73%,$0.01B,$0.05B,15.73%,$0.01B,$0.09B,8.19%,$0.01B,$0.06B,23.53%,$16,$3,$13,$3,$8,$14,$3,$0,$3,$2,$1,$1,$1,$3,$3,$54,54,$0.02,$0.02,$30,$0,$0,$33,$4,$0,$11,$0,$58,$91,$31,$0,$0,$3,$34,$1,$-225,$0,$57,$91,$3,$1,$4,$5,$0,$0,$0,$-0,$-0,$7,$-1,$0,$-7,$0,$0,$0,$0,$-8,$0,$0,$0,$4,$4,$0,$0,$4,$3,$1,$0
6,2017-03-31,4.81,$0.94,5.1,$1.15,4.2,$0.64,7.51,$0.11,43.73,$0.03B,$0.03B,0.84,$0.00B,$0.05B,0.0,$0.06B,$0.05B,82.26%,$0.06B,$0.01B,16.13%,$0.06B,$0.01B,16.13%,$0.06B,$0.01B,19.35%,$0.06B,$0.01B,16.13%,$0.06B,$0.01B,11.29%,$0.01B,$0.05B,14.51%,$0.01B,$0.04B,15.82%,$0.01B,$0.09B,8.48%,$0.01B,$0.05B,20.73%,$16,$3,$13,$2,$8,$13,$3,$0,$3,$1,$2,$2,$2,$3,$3,$53,54,$0.03,$0.03,$23,$0,$0,$27,$4,$0,$11,$0,$60,$87,$32,$0,$0,$3,$35,$1,$-227,$0,$51,$87,$2,$1,$1,$2,$0,$0,$0,$1,$0,$4,$-0,$0,$-7,$0,$0,$0,$0,$-7,$0,$0,$0,$-0,$-0,$0,$0,$-0,$-3,$1,$0
7,2016-12-31,4.94,$0.91,5.4,$1.10,4.48,$0.64,7.71,$0.11,44.91,$0.03B,$0.03B,1.0,$0.00B,$0.05B,0.0,$0.06B,$0.05B,83.33%,$0.06B,$0.01B,15.00%,$0.06B,$0.01B,15.00%,$0.06B,$0.01B,20.00%,$0.06B,$0.01B,16.67%,$0.06B,$0.01B,11.67%,$0.01B,$0.05B,14.36%,$0.01B,$0.05B,14.97%,$0.01B,$0.08B,8.54%,$0.01B,$0.05B,18.46%,$16,$3,$13,$2,$7,$12,$3,$0,$3,$1,$2,$2,$2,$4,$3,$54,54,$0.04,$0.04,$26,$0,$0,$30,$4,$0,$2,$0,$52,$82,$30,$0,$0,$3,$33,$1,$-228,$0,$49,$82,$6,$2,$5,$7,$-1,$0,$-0,$3,$2,$15,$-2,$0,$0,$0,$0,$0,$0,$-2,$0,$0,$0,$-15,$-15,$0,$0,$-15,$-2,$2,$0
8,2016-09-30,4.1,$0.87,4.69,$1.07,3.85,$0.64,6.43,$0.08,51.25,$0.03B,$0.03B,0.89,$0.00B,$0.05B,0.0,$0.06B,$0.05B,84.48%,$0.06B,$0.01B,12.07%,$0.06B,$0.01B,12.07%,$0.06B,$0.01B,17.24%,$0.06B,$0.01B,13.79%,$0.06B,$0.01B,10.34%,$0.01B,$0.05B,11.82%,$0.01B,$0.05B,12.31%,$0.01B,$0.08B,7.21%,$0.01B,$0.05B,13.79%,$15,$3,$13,$3,$7,$13,$3,$0,$3,$1,$2,$2,$2,$3,$3,$53,53,$0.03,$0.03,$25,$0,$0,$28,$4,$0,$2,$0,$53,$82,$32,$0,$0,$3,$35,$1,$-230,$0,$47,$82,$4,$2,$3,$5,$-1,$0,$-0,$5,$4,$13,$-2,$0,$0,$0,$0,$0,$0,$-2,$0,$0,$0,$-15,$-15,$0,$0,$-15,$-4,$2,$0
9,2016-06-30,3.75,$0.85,4.39,$1.02,3.67,$0.60,6.22,$0.08,46.88,$0.02B,$0.03B,0.81,$0.00B,$0.05B,0.0,$0.06B,$0.05B,84.21%,$0.06B,$0.01B,12.28%,$0.06B,$0.01B,12.28%,$0.06B,$0.01B,19.30%,$0.06B,$0.01B,14.04%,$0.06B,$0.01B,10.53%,$0.01B,$0.05B,11.43%,$0.01B,$0.04B,11.94%,$0.01B,$0.08B,7.16%,$0.01B,$0.05B,13.33%,$15,$3,$12,$2,$9,$14,$1,$0,$1,$0,$1,$1,$1,$2,$1,$54,54,$0.01,$0.01,$21,$0,$0,$24,$4,$0,$2,$0,$54,$79,$30,$0,$0,$3,$33,$1,$-232,$0,$46,$79,$2,$1,$2,$3,$-0,$0,$0,$2,$2,$8,$-1,$0,$0,$0,$0,$0,$0,$-1,$0,$0,$0,$-14,$-14,$0,$0,$-14,$-8,$1,$0
10,2016-03-31,3.93,$0.96,4.11,$0.97,4.04,$0.56,7.04,$0.09,43.67,$0.03B,$0.03B,1.07,$0.00B,$0.05B,0.0,$0.06B,$0.05B,85.45%,$0.06B,$0.01B,14.55%,$0.06B,$0.01B,14.55%,$0.06B,$0.01B,20.00%,$0.06B,$0.01B,16.36%,$0.06B,$0.01B,10.91%,$0.01B,$0.05B,10.62%,$0.01B,$0.05B,11.11%,$0.01B,$0.09B,6.96%,$0.01B,$0.05B,14.16%,$14,$3,$12,$2,$7,$12,$2,$0,$3,$1,$2,$2,$2,$3,$2,$56,57,$0.03,$0.03,$27,$0,$0,$31,$4,$0,$2,$0,$54,$85,$29,$0,$0,$3,$31,$1,$-233,$0,$53,$85,$2,$1,$1,$2,$-1,$0,$0,$2,$1,$4,$-0,$0,$0,$0,$0,$0,$0,$-0,$0,$0,$0,$-5,$-5,$0,$0,$-5,$-2,$0,$0
11,2015-12-31,5.08,$1.00,5.06,$0.95,5.36,$0.52,9.71,$0.08,63.5,$0.03B,$0.03B,1.14,$0.00B,$0.06B,0.0,$0.05B,$0.05B,85.19%,$0.05B,$0.01B,14.81%,$0.05B,$0.01B,14.81%,$0.05B,$0.01B,18.52%,$0.05B,$0.01B,14.81%,$0.05B,$0.01B,9.26%,$0.01B,$0.06B,8.62%,$0.01B,$0.06B,9.01%,$0.01B,$0.09B,5.78%,$0.01B,$0.06B,13.79%,$14,$3,$12,$2,$9,$13,$1,$0,$1,$1,$1,$1,$1,$2,$1,$56,57,$0.02,$0.02,$29,$0,$0,$32,$4,$0,$2,$0,$55,$87,$28,$0,$0,$2,$31,$1,$-234,$0,$57,$87,$5,$2,$5,$7,$1,$0,$-0,$1,$4,$16,$-2,$0,$0,$0,$0,$0,$0,$-2,$0,$0,$0,$-7,$-7,$0,$0,$-7,$7,$2,$0
12,2015-09-30,4.22,$0.96,4.4,$0.92,4.6,$0.45,9.31,$0.09,46.89,$0.03B,$0.03B,1.05,$0.00B,$0.05B,0.0,$0.05B,$0.05B,84.91%,$0.05B,$0.01B,16.98%,$0.05B,$0.01B,16.98%,$0.05B,$0.01B,18.87%,$0.05B,$0.01B,16.98%,$0.05B,$0.01B,9.43%,$0.01B,$0.05B,8.66%,$0.01B,$0.05B,9.05%,$0.01B,$0.08B,5.83%,$0.01B,$0.05B,15.58%,$14,$2,$12,$2,$6,$11,$3,$0,$3,$1,$2,$2,$2,$4,$3,$57,58,$0.03,$0.03,$24,$0,$0,$29,$4,$0,$2,$0,$55,$84,$28,$0,$0,$2,$30,$1,$-235,$0,$54,$84,$4,$2,$3,$5,$0,$0,$-0,$3,$3,$12,$-2,$0,$0,$0,$0,$0,$0,$-2,$0,$0,$0,$-8,$-8,$0,$0,$-8,$2,$1,$0
13,2015-06-30,5.17,$1.06,4.86,$0.89,5.8,$0.42,12.23,$0.08,64.63,$0.03B,$0.03B,1.33,$0.00B,$0.06B,0.0,$0.05B,$0.04B,84.62%,$0.05B,$0.01B,15.38%,$0.05B,$0.01B,15.38%,$0.05B,$0.01B,15.38%,$0.05B,$0.01B,15.38%,$0.05B,$0.00B,7.69%,$0.00B,$0.06B,6.90%,$0.00B,$0.06B,7.17%,$0.00B,$0.09B,4.68%,$0.01B,$0.06B,13.79%,$13,$2,$11,$2,$7,$12,$2,$0,$2,$1,$1,$1,$1,$2,$2,$57,58,$0.02,$0.02,$28,$0,$0,$33,$5,$0,$2,$0,$56,$89,$25,$0,$0,$3,$27,$1,$-237,$0,$62,$89,$2,$1,$2,$3,$0,$0,$0,$-0,$0,$6,$-1,$0,$0,$0,$0,$0,$0,$-1,$0,$0,$0,$2,$2,$0,$0,$2,$6,$1,$0
14,2015-03-31,3.93,$1.03,3.81,$0.88,4.49,$0.44,9.03,$0.08,49.13,$0.03B,$0.02B,1.22,$0.00B,$0.06B,0.0,$0.05B,$0.04B,84.62%,$0.05B,$0.01B,15.38%,$0.05B,$0.01B,15.38%,$0.05B,$0.01B,15.38%,$0.05B,$0.01B,15.38%,$0.05B,$0.00B,7.69%,$0.00B,$0.06B,6.87%,$0.00B,$0.06B,7.11%,$0.00B,$0.09B,4.68%,$0.01B,$0.06B,13.73%,$13,$2,$11,$2,$7,$11,$2,$0,$2,$1,$1,$1,$1,$2,$2,$56,57,$0.02,$0.02,$25,$0,$0,$29,$5,$0,$2,$0,$57,$86,$24,$0,$0,$3,$27,$1,$-238,$0,$59,$86,$1,$1,$1,$2,$0,$0,$-0,$-0,$-0,$3,$-1,$0,$0,$0,$0,$0,$0,$-1,$0,$0,$0,$1,$1,$0,$0,$1,$3,$0,$0
15,2014-12-31,3.6,$0.99,3.65,$0.85,4.25,$0.42,8.49,$0.08,45.0,$0.03B,$0.03B,1.09,$0.00B,$0.06B,0.0,$0.05B,$0.04B,84.31%,$0.05B,$0.01B,15.69%,$0.05B,$0.01B,15.69%,$0.05B,$0.01B,15.69%,$0.05B,$0.01B,15.69%,$0.05B,$0.00B,7.84%,$0.00B,$0.06B,6.81%,$0.00B,$0.05B,7.05%,$0.00B,$0.08B,4.69%,$0.01B,$0.06B,13.62%,$13,$2,$11,$2,$7,$11,$2,$0,$2,$1,$1,$1,$1,$2,$2,$58,59,$0.01,$0.01,$22,$0,$0,$27,$4,$0,$2,$0,$56,$84,$25,$0,$0,$2,$27,$1,$-239,$0,$56,$84,$4,$2,$4,$6,$1,$0,$-0,$2,$4,$13,$-3,$0,$0,$0,$0,$0,$0,$-3,$0,$0,$0,$-16,$-16,$0,$0,$-16,$-6,$2,$0
16,2014-09-30,3.42,$0.96,3.55,$0.83,4.14,$0.44,7.72,$0.14,24.43,$0.03B,$0.03B,1.01,$0.00B,$0.06B,0.0,$0.05B,$0.04B,84.00%,$0.05B,$0.01B,18.00%,$0.05B,$0.01B,18.00%,$0.05B,$0.01B,20.00%,$0.05B,$0.01B,18.00%,$0.05B,$0.01B,16.00%,$0.01B,$0.06B,13.06%,$0.01B,$0.05B,13.50%,$0.01B,$0.08B,9.20%,$0.01B,$0.06B,14.69%,$13,$2,$11,$2,$7,$11,$2,$0,$2,$1,$1,$1,$1,$2,$2,$58,59,$0.02,$0.02,$20,$0,$0,$26,$4,$0,$2,$0,$57,$83,$25,$0,$0,$3,$28,$1,$-240,$0,$55,$83,$3,$1,$3,$4,$0,$0,$-0,$3,$3,$11,$-2,$0,$0,$0,$0,$0,$0,$-2,$0,$0,$0,$-16,$-16,$0,$0,$-16,$-7,$1,$0
17,2014-06-30,3.42,$1.06,3.22,$0.80,4.26,$0.43,7.99,$0.17,20.12,$0.03B,$0.02B,1.39,$0.00B,$0.06B,0.0,$0.05B,$0.04B,83.67%,$0.05B,$0.01B,20.41%,$0.05B,$0.01B,20.41%,$0.05B,$0.01B,24.49%,$0.05B,$0.01B,20.41%,$0.05B,$0.01B,20.41%,$0.01B,$0.06B,15.38%,$0.01B,$0.06B,15.94%,$0.01B,$0.09B,11.11%,$0.01B,$0.06B,15.38%,$13,$2,$11,$2,$7,$11,$2,$0,$2,$1,$1,$1,$1,$2,$2,$59,59,$0.02,$0.02,$26,$0,$0,$32,$3,$0,$2,$0,$56,$89,$23,$0,$0,$3,$26,$1,$-241,$0,$63,$89,$2,$1,$2,$3,$-0,$0,$0,$-0,$1,$6,$-1,$0,$0,$0,$0,$0,$0,$-1,$0,$0,$0,$-6,$-6,$0,$0,$-6,$-1,$1,$0
18,2014-03-31,4.14,$1.04,3.99,$0.78,5.31,$0.39,10.73,$0.18,23.0,$0.03B,$0.02B,1.35,$0.00B,$0.06B,0.0,$0.05B,$0.04B,83.33%,$0.05B,$0.01B,20.83%,$0.05B,$0.01B,20.83%,$0.05B,$0.01B,25.00%,$0.05B,$0.01B,20.83%,$0.05B,$0.01B,22.92%,$0.01B,$0.06B,16.79%,$0.01B,$0.06B,17.39%,$0.01B,$0.09B,12.29%,$0.01B,$0.06B,15.27%,$12,$2,$10,$2,$6,$11,$2,$0,$2,$1,$1,$1,$1,$2,$2,$59,61,$0.02,$0.02,$22,$0,$0,$28,$3,$0,$2,$0,$57,$85,$21,$0,$0,$3,$23,$1,$-242,$0,$61,$85,$1,$0,$1,$1,$-0,$0,$-0,$-1,$-1,$2,$-0,$0,$0,$0,$0,$0,$0,$-0,$0,$0,$0,$-6,$-6,$0,$0,$-6,$-5,$0,$0
19,2013-12-31,4.56,$1.09,4.17,$0.77,5.92,$0.38,12.09,$0.17,26.82,$0.03B,$0.02B,1.56,$0.00B,$0.07B,0.0,$0.05B,$0.04B,83.33%,$0.05B,$0.01B,18.75%,$0.05B,$0.01B,18.75%,$0.05B,$0.01B,22.92%,$0.05B,$0.01B,18.75%,$0.05B,$0.01B,22.92%,$0.01B,$0.07B,16.67%,$0.01B,$0.06B,17.32%,$0.01B,$0.09B,12.32%,$0.01B,$0.07B,13.64%,$12,$2,$10,$2,$5,$9,$3,$-0,$3,$-1,$5,$5,$5,$4,$3,$61,63,$0.08,$0.08,$28,$0,$0,$34,$3,$0,$2,$0,$57,$91,$22,$0,$0,$3,$24,$1,$-243,$0,$66,$91,$10,$1,$0,$2,$-1,$0,$-0,$3,$1,$13,$-2,$0,$0,$0,$0,$0,$0,$-2,$0,$0,$0,$-7,$-7,$0,$0,$-7,$5,$2,$0
20,2013-09-30,4.9,$1.11,4.4,$0.76,6.46,$0.37,13.42,$0.15,32.67,$0.04B,$0.02B,1.76,$0.00B,$0.07B,0.0,$0.05B,$0.04B,83.33%,$0.05B,$0.01B,16.67%,$0.05B,$0.01B,16.67%,$0.05B,$0.01B,18.75%,$0.05B,$0.01B,16.67%,$0.05B,$0.01B,20.83%,$0.01B,$0.07B,15.44%,$0.01B,$0.07B,16.06%,$0.01B,$0.10B,11.46%,$0.01B,$0.07B,12.36%,$12,$2,$10,$2,$5,$9,$3,$0,$3,$0,$3,$3,$3,$4,$3,$61,63,$0.05,$0.05,$33,$0,$0,$39,$3,$0,$2,$0,$56,$95,$22,$0,$0,$3,$25,$1,$-248,$0,$70,$95,$6,$1,$1,$2,$-2,$0,$-0,$2,$2,$10,$-1,$0,$0,$0,$0,$0,$0,$-1,$0,$0,$0,$1,$1,$0,$0,$1,$10,$1,$0
21,2013-06-30,4.23,$1.05,4.02,$0.74,5.68,$0.41,10.33,$0.13,32.54,$0.03B,$0.02B,1.52,$0.00B,$0.07B,0.0,$0.05B,$0.04B,82.98%,$0.05B,$0.01B,14.89%,$0.05B,$0.01B,14.89%,$0.05B,$0.01B,14.89%,$0.05B,$0.01B,14.89%,$0.05B,$0.01B,19.15%,$0.01B,$0.07B,14.63%,$0.01B,$0.06B,15.19%,$0.01B,$0.09B,10.78%,$0.01B,$0.07B,11.38%,$12,$2,$10,$2,$6,$10,$2,$0,$2,$0,$2,$2,$2,$2,$2,$61,62,$0.03,$0.03,$26,$0,$0,$31,$3,$0,$2,$0,$56,$87,$21,$0,$0,$1,$22,$1,$-251,$0,$65,$87,$2,$1,$1,$2,$-1,$0,$0,$0,$-1,$4,$-1,$0,$0,$0,$0,$0,$0,$-1,$0,$0,$0,$1,$1,$0,$0,$1,$3,$1,$0
22,2013-03-31,3.58,$1.01,3.54,$0.72,4.96,$0.48,7.47,$0.14,25.57,$0.03B,$0.02B,1.4,$0.00B,$0.06B,0.0,$0.05B,$0.04B,84.44%,$0.05B,$0.01B,17.78%,$0.05B,$0.01B,17.78%,$0.05B,$0.01B,17.78%,$0.05B,$0.01B,17.78%,$0.05B,$0.01B,22.22%,$0.01B,$0.06B,16.95%,$0.01B,$0.06B,17.70%,$0.01B,$0.08B,12.38%,$0.01B,$0.06B,13.56%,$12,$2,$10,$3,$7,$11,$1,$0,$1,$0,$1,$1,$1,$1,$1,$61,62,$0.01,$0.01,$24,$0,$0,$29,$2,$0,$2,$0,$55,$84,$21,$0,$0,$1,$22,$1,$-253,$0,$63,$84,$1,$0,$0,$1,$-1,$0,$0,$0,$-0,$1,$-0,$0,$0,$0,$0,$0,$0,$-0,$0,$0,$0,$0,$0,$0,$0,$0,$1,$0,$0
23,2012-12-31,2.79,$1.00,2.79,$0.69,4.02,$0.50,5.56,$0.17,16.41,$0.03B,$0.02B,1.32,$0.00B,$0.06B,0.0,$0.04B,$0.04B,83.72%,$0.04B,$0.01B,23.26%,$0.04B,$0.01B,23.26%,$0.04B,$0.01B,23.26%,$0.04B,$0.01B,23.26%,$0.04B,$0.01B,25.58%,$0.01B,$0.06B,19.30%,$0.01B,$0.06B,20.09%,$0.01B,$0.08B,14.01%,$0.01B,$0.06B,17.54%,$12,$2,$10,$2,$6,$10,$2,$0,$2,$-2,$4,$4,$4,$2,$2,$62,63,$0.07,$0.06,$23,$0,$0,$27,$2,$0,$2,$0,$56,$83,$21,$0,$0,$1,$22,$1,$-254,$0,$61,$83,$11,$1,$-1,$0,$-0,$0,$0,$1,$1,$13,$-2,$0,$0,$0,$0,$0,$0,$-2,$0,$0,$0,$-9,$-9,$0,$0,$-9,$2,$1,$0
24,2012-09-30,2.86,$0.93,3.08,$0.66,4.36,$0.50,5.7,$0.34,8.41,$0.03B,$0.02B,1.2,$0.00B,$0.06B,0.0,$0.04B,$0.03B,82.93%,$0.04B,$0.01B,26.83%,$0.04B,$0.01B,26.83%,$0.04B,$0.01B,26.83%,$0.04B,$0.01B,26.83%,$0.04B,$0.02B,53.66%,$0.02B,$0.06B,39.11%,$0.02B,$0.06B,40.74%,$0.02B,$0.08B,28.48%,$0.01B,$0.06B,19.56%,$11,$2,$9,$2,$5,$9,$2,$0,$2,$0,$2,$2,$2,$2,$2,$61,61,$0.03,$0.03,$23,$0,$0,$27,$2,$0,$2,$0,$53,$80,$22,$0,$0,$1,$23,$1,$-258,$0,$57,$80,$7,$1,$1,$2,$-0,$0,$0,$3,$3,$12,$-1,$0,$0,$0,$0,$0,$0,$-1,$0,$0,$0,$-9,$-9,$0,$0,$-9,$2,$1,$0
25,2012-06-30,2.6,$0.90,2.9,$0.62,4.19,$0.47,5.57,$0.35,7.43,$0.02B,$0.02B,1.12,$0.00B,$0.06B,0.0,$0.04B,$0.03B,82.50%,$0.04B,$0.01B,30.00%,$0.04B,$0.01B,30.00%,$0.04B,$0.01B,30.00%,$0.04B,$0.01B,30.00%,$0.04B,$0.02B,57.50%,$0.02B,$0.06B,43.60%,$0.02B,$0.05B,45.54%,$0.02B,$0.08B,31.40%,$0.01B,$0.06B,22.75%,$10,$2,$9,$1,$4,$8,$3,$0,$3,$0,$3,$3,$3,$3,$3,$61,62,$0.04,$0.04,$19,$0,$0,$23,$2,$0,$2,$0,$53,$76,$20,$0,$0,$1,$21,$1,$-260,$0,$55,$76,$5,$1,$1,$1,$0,$0,$-0,$1,$1,$7,$-1,$0,$0,$0,$0,$0,$0,$-1,$0,$0,$0,$-9,$-9,$0,$0,$-9,$-2,$0,$0
26,2012-03-31,2.91,$0.89,3.26,$0.59,4.9,$0.43,6.73,$0.35,8.31,$0.02B,$0.02B,1.16,$0.00B,$0.06B,0.0,$0.04B,$0.03B,82.05%,$0.04B,$0.01B,30.77%,$0.04B,$0.01B,30.77%,$0.04B,$0.01B,30.77%,$0.04B,$0.01B,30.77%,$0.04B,$0.02B,58.97%,$0.02B,$0.06B,46.94%,$0.02B,$0.05B,49.20%,$0.02B,$0.08B,33.33%,$0.01B,$0.06B,24.49%,$10,$2,$8,$1,$4,$8,$3,$0,$3,$0,$2,$2,$2,$3,$3,$63,64,$0.04,$0.04,$18,$0,$0,$22,$2,$0,$2,$0,$53,$75,$19,$0,$0,$1,$20,$1,$-262,$0,$55,$75,$2,$0,$0,$1,$-0,$0,$-0,$0,$-1,$3,$-0,$0,$0,$0,$0,$0,$0,$-0,$0,$0,$0,$-5,$-5,$0,$0,$-5,$-3,$0,$0
27,2011-12-31,2.82,$0.91,3.12,$0.56,5.0,$0.44,6.38,$0.34,8.29,$0.02B,$0.02B,1.29,$0.00B,$0.06B,0.0,$0.04B,$0.03B,81.58%,$0.04B,$0.01B,28.95%,$0.04B,$0.01B,28.95%,$0.04B,$0.01B,31.58%,$0.04B,$0.01B,28.95%,$0.04B,$0.02B,60.53%,$0.02B,$0.06B,49.20%,$0.02B,$0.06B,51.69%,$0.02B,$0.08B,34.46%,$0.01B,$0.06B,23.53%,$10,$2,$8,$1,$4,$7,$3,$0,$3,$-12,$15,$15,$15,$3,$3,$65,67,$0.22,$0.23,$21,$0,$0,$24,$2,$0,$2,$0,$53,$78,$19,$0,$0,$1,$20,$1,$-265,$0,$58,$78,$23,$1,$-11,$-10,$1,$0,$-0,$0,$0,$13,$-1,$0,$0,$0,$0,$0,$0,$-1,$-0,$0,$-0,$-19,$-19,$0,$4,$-16,$-4,$1,$0
28,2011-09-30,2.67,$0.67,4.0,$0.55,4.85,$0.35,7.57,$0.65,4.11,$0.03B,$0.02B,1.26,$0.00B,$0.04B,0.0,$0.04B,$0.03B,81.08%,$0.04B,$0.01B,27.03%,$0.04B,$0.01B,27.03%,$0.04B,$0.01B,29.73%,$0.04B,$0.01B,27.03%,$0.04B,$0.05B,121.62%,$0.05B,$0.04B,102.27%,$0.05B,$0.04B,107.78%,$0.05B,$0.06B,70.31%,$0.01B,$0.04B,22.73%,$10,$2,$8,$1,$4,$7,$3,$0,$3,$0,$3,$3,$3,$3,$3,$64,66,$0.04,$0.04,$22,$0,$0,$25,$2,$0,$2,$0,$39,$64,$20,$0,$0,$1,$21,$1,$-280,$0,$43,$64,$8,$1,$0,$1,$0,$0,$-0,$1,$2,$11,$-1,$0,$0,$-2,$0,$-2,$0,$-3,$0,$0,$0,$-13,$-13,$0,$1,$-12,$-5,$0,$0
29,2011-06-30,3.84,$0.57,6.75,$0.53,7.2,$0.29,13.35,$0.64,6.0,$0.02B,$0.02B,1.09,$0.00B,$0.04B,0.0,$0.04B,$0.03B,80.56%,$0.04B,$0.01B,25.00%,$0.04B,$0.01B,25.00%,$0.04B,$0.01B,27.78%,$0.04B,$0.01B,25.00%,$0.04B,$0.04B,122.22%,$0.04B,$0.04B,127.54%,$0.04B,$0.04B,137.50%,$0.04B,$0.06B,80.73%,$0.01B,$0.04B,26.09%,$9,$2,$8,$1,$4,$7,$3,$0,$3,$-0,$3,$3,$3,$3,$3,$65,67,$0.04,$0.04,$17,$0,$0,$20,$2,$0,$2,$0,$39,$59,$19,$0,$0,$1,$20,$1,$-282,$0,$40,$59,$5,$1,$0,$1,$0,$0,$-0,$-0,$-0,$6,$-1,$0,$0,$-2,$0,$-2,$0,$-3,$0,$0,$0,$-13,$-13,$0,$-0,$-13,$-10,$0,$0
30,2011-03-31,3.7,$0.69,5.37,$0.52,7.16,$0.27,13.82,$0.62,5.97,$0.03B,$0.02B,1.44,$0.00B,$0.05B,0.0,$0.04B,$0.03B,80.00%,$0.04B,$0.01B,20.00%,$0.04B,$0.01B,20.00%,$0.04B,$0.01B,25.71%,$0.04B,$0.01B,20.00%,$0.04B,$0.04B,122.86%,$0.04B,$0.05B,172.00%,$0.04B,$0.04B,189.01%,$0.04B,$0.07B,94.51%,$0.01B,$0.05B,28.00%,$9,$2,$7,$1,$4,$7,$2,$0,$2,$0,$2,$2,$2,$3,$2,$67,70,$0.04,$0.03,$24,$0,$0,$27,$2,$0,$2,$0,$39,$66,$19,$0,$0,$1,$20,$1,$-285,$0,$46,$66,$2,$0,$0,$0,$1,$0,$-0,$0,$1,$3,$-0,$0,$0,$-2,$0,$-2,$0,$-2,$0,$0,$0,$-4,$-4,$0,$-0,$-4,$-3,$0,$0
31,2010-12-31,4.27,$0.70,6.12,$0.50,8.57,$0.26,16.68,$0.60,7.12,$0.03B,$0.02B,1.54,$0.00B,$0.05B,0.0,$0.03B,$0.03B,81.82%,$0.03B,$0.01B,15.15%,$0.03B,$0.01B,15.15%,$0.03B,$0.01B,21.21%,$0.03B,$0.01B,15.15%,$0.03B,$0.04B,127.27%,$0.04B,$0.05B,316.98%,$0.04B,$0.05B,381.82%,$0.04B,$0.07B,121.74%,$0.01B,$0.05B,37.04%,$9,$2,$7,$1,$4,$7,$2,$0,$2,$-35,$37,$37,$37,$2,$2,$64,67,$0.58,$0.56,$25,$0,$0,$28,$2,$0,$2,$0,$39,$67,$18,$0,$0,$2,$20,$1,$-287,$0,$47,$67,$41,$1,$-33,$-32,$-1,$0,$-0,$-0,$-2,$7,$-1,$0,$0,$0,$0,$0,$0,$-1,$-0,$0,$-0,$3,$3,$0,$3,$6,$11,$2,$0
32,2010-09-30,2.84,$0.07,40.11,$0.48,5.97,$0.16,17.5,$0.05,56.8,$0.02B,$0.02B,1.1,$0.00B,$0.01B,0.02,$0.03B,$0.03B,83.87%,$0.03B,$0.00B,12.90%,$0.03B,$0.00B,12.90%,$0.03B,$0.01B,19.35%,$0.03B,$0.00B,12.90%,$0.03B,$0.01B,16.13%,$0.01B,$0.01B,500.00%,$0.01B,$0.00B,-400.00%,$0.01B,$0.03B,21.98%,$0.00B,$0.01B,320.00%,$9,$2,$7,$1,$4,$7,$2,$0,$2,$-0,$2,$2,$2,$2,$2,$64,67,$0.03,$0.03,$20,$0,$0,$21,$2,$0,$2,$0,$5,$26,$19,$0,$0,$2,$21,$1,$-325,$0,$5,$26,$4,$1,$2,$3,$-0,$0,$-0,$1,$-0,$6,$-1,$0,$0,$0,$0,$0,$0,$-1,$0,$0,$0,$1,$1,$0,$-0,$1,$6,$2,$0
33,2010-06-30,2.26,$0.03,85.61,$0.47,4.8,$0.06,35.31,$0.01,226.0,$0.02B,$0.02B,0.96,$0.00B,$0.00B,0.07,$0.03B,$0.03B,83.33%,$0.03B,$0.00B,3.33%,$0.03B,$0.00B,3.33%,$0.03B,$0.00B,13.33%,$0.03B,$0.00B,3.33%,$0.03B,$0.00B,6.67%,$0.00B,$0.00B,-200.00%,$0.00B,$0.00B,-66.67%,$0.00B,$0.02B,9.52%,$0.00B,$0.00B,-200.00%,$8,$2,$7,$1,$4,$7,$1,$0,$1,$0,$1,$1,$2,$2,$1,$64,66,$0.02,$0.02,$17,$0,$0,$19,$2,$0,$2,$0,$5,$23,$20,$0,$0,$2,$22,$1,$-326,$0,$2,$23,$2,$1,$1,$2,$0,$0,$-0,$1,$1,$4,$-1,$0,$0,$0,$0,$0,$0,$-1,$0,$0,$0,$0,$0,$0,$-0,$0,$4,$1,$0
34,2010-03-31,2.31,$-0.01,-285.19,$0.46,4.98,$-0.00,0.0,$-0.04,0.0,$0.02B,$0.02B,0.87,$0.00B,$-0.00B,-0.29,$0.03B,$0.02B,79.31%,$0.03B,$-0.00B,-6.90%,$0.03B,$-0.00B,-6.90%,$0.03B,0,0.00%,$0.03B,$-0.00B,-6.90%,$0.03B,$-0.00B,-6.90%,$-0.00B,$-0.00B,88.89%,$-0.00B,$-0.00B,44.44%,$-0.00B,$0.02B,-10.00%,$-0.00B,$0.00B,114.29%,$7,$2,$6,$1,$4,$7,$0,$0,$0,$-0,$1,$1,$1,$1,$0,$64,66,$0.01,$0.01,$16,$0,$0,$17,$2,$0,$2,$0,$5,$22,$20,$0,$0,$2,$22,$1,$-328,$0,$-1,$22,$1,$0,$1,$1,$0,$0,$-0,$2,$1,$3,$-0,$0,$0,$0,$0,$0,$0,$-0,$0,$0,$0,$0,$0,$0,$-0,$0,$2,$1,$0
35,2009-12-31,1.71,$-0.03,-54.81,$0.46,3.68,$-0.05,0.0,$-0.07,0.0,$0.02B,$0.02B,0.82,$0.00B,$-0.00B,-0.09,$0.03B,$0.02B,75.86%,$0.03B,$-0.00B,-13.79%,$0.03B,$-0.00B,-13.79%,$0.03B,$-0.00B,-6.90%,$0.03B,$-0.00B,-13.79%,$0.03B,$-0.01B,-17.24%,$-0.01B,$-0.00B,200.00%,$-0.01B,$-0.00B,105.26%,$-0.01B,$0.02B,-25.97%,$-0.00B,$-0.00B,177.78%,$7,$1,$6,$1,$4,$6,$1,$0,$1,$0,$1,$1,$-0,$1,$1,$64,65,$0.00,$0.00,$13,$0,$0,$15,$2,$0,$2,$0,$5,$20,$18,$0,$0,$3,$22,$1,$-328,$0,$-2,$20,$-4,$1,$3,$4,$-0,$0,$0,$0,$1,$1,$-1,$0,$0,$-0,$0,$0,$0,$-1,$-0,$0,$-0,$0,$0,$0,$1,$1,$0,$3,$0
36,2009-09-30,2.2,$-0.04,-54.19,$0.47,4.7,$-0.03,0.0,$-0.07,0.0,$0.01B,$0.02B,0.77,$0.00B,$-0.00B,-0.09,$0.03B,$0.02B,72.41%,$0.03B,$-0.01B,-20.69%,$0.03B,$-0.01B,-20.69%,$0.03B,$-0.00B,-13.79%,$0.03B,$-0.01B,-20.69%,$0.03B,$-0.01B,-20.69%,$-0.01B,$-0.00B,266.67%,$-0.01B,$-0.01B,133.33%,$-0.01B,$0.02B,-31.58%,$-0.01B,$-0.00B,300.00%,$8,$2,$6,$2,$5,$9,$-1,$0,$-1,$-0,$-1,$-1,$-1,$-0,$-1,$63,63,$-0.01,$-0.01,$12,$0,$0,$14,$2,$0,$2,$0,$5,$19,$18,$0,$0,$3,$22,$1,$-328,$0,$-3,$19,$-4,$1,$3,$3,$-0,$0,$0,$-0,$0,$-0,$-1,$0,$0,$0,$0,$0,$0,$-1,$0,$0,$0,$0,$0,$0,$0,$0,$-1,$2,$0
37,2009-06-30,1.5,$-0.05,-27.93,$0.45,3.33,$-0.00,0.0,$-0.08,0.0,$0.01B,$0.02B,0.75,$0.00B,$-0.00B,-0.07,$0.03B,$0.02B,67.86%,$0.03B,$-0.01B,-21.43%,$0.03B,$-0.01B,-21.43%,$0.03B,$-0.01B,-17.86%,$0.03B,$-0.01B,-21.43%,$0.03B,$-0.01B,-25.00%,$-0.01B,$-0.00B,400.00%,$-0.01B,$-0.01B,175.00%,$-0.01B,$0.02B,-36.84%,$-0.01B,$-0.00B,342.86%,$7,$2,$5,$2,$5,$9,$-2,$0,$-2,$0,$-2,$-2,$-2,$-2,$-2,$63,63,$-0.03,$-0.03,$13,$0,$0,$14,$2,$0,$2,$0,$5,$19,$19,$0,$0,$3,$22,$1,$-328,$0,$-3,$19,$-3,$1,$1,$2,$-0,$0,$0,$0,$1,$-0,$-1,$0,$0,$0,$0,$0,$0,$-1,$0,$0,$0,$0,$0,$0,$0,$0,$-1,$1,$0
38,2009-03-31,1.02,$-0.03,-32.18,$0.44,2.29,$0.02,56.98,$-0.07,0.0,$0.01B,$0.02B,0.8,$0.00B,$-0.00B,0.0,$0.03B,$0.02B,64.29%,$0.03B,$-0.01B,-21.43%,$0.03B,$-0.01B,-21.43%,$0.03B,$-0.00B,-14.29%,$0.03B,$-0.01B,-17.86%,$0.03B,$-0.01B,-21.43%,$-0.01B,$-0.00B,480.00%,$-0.01B,$-0.00B,184.62%,$-0.01B,$0.02B,-31.58%,$-0.01B,$-0.00B,480.00%,$7,$2,$5,$2,$5,$9,$-2,$0,$-2,$0,$-2,$-2,$-2,$-1,$-2,$63,63,$-0.02,$-0.02,$12,$0,$0,$14,$2,$0,$2,$0,$5,$19,$18,$0,$0,$3,$21,$1,$-326,$0,$-2,$19,$-2,$0,$1,$1,$-0,$0,$0,$-1,$-0,$-1,$-0,$0,$0,$0,$0,$0,$0,$-0,$0,$0,$0,$0,$0,$0,$0,$0,$-1,$1,$0
39,2008-12-31,1.19,$-0.02,-57.77,$0.45,2.67,$0.04,32.16,$-0.08,0.0,$0.02B,$0.02B,0.83,$0.00B,$-0.00B,0.0,$0.03B,$0.02B,64.29%,$0.03B,$-0.01B,-21.43%,$0.03B,$-0.01B,-21.43%,$0.03B,$-0.00B,-14.29%,$0.03B,$-0.01B,-17.86%,$0.03B,$-0.01B,-21.43%,$-0.01B,$-0.00B,600.00%,$-0.01B,$-0.00B,200.00%,$-0.01B,$0.02B,-31.58%,$-0.01B,$-0.00B,600.00%,$7,$2,$5,$2,$4,$8,$-1,$0,$-1,$-0,$-1,$-1,$-1,$-1,$-1,$63,63,$-0.01,$-0.01,$13,$0,$0,$15,$2,$0,$2,$0,$4,$19,$18,$0,$0,$3,$21,$1,$-324,$0,$-1,$19,$-5,$1,$4,$5,$1,$0,$0,$2,$3,$2,$-1,$0,$0,$2,$-0,$2,$0,$0,$0,$0,$0,$0,$0,$0,$0,$0,$3,$4,$0
40,2008-09-30,2.26,$-0.02,-112.44,$0.45,5.05,$-0.02,0.0,$-0.09,0.0,$0.02B,$0.02B,0.86,$0.00B,$-0.00B,0.0,$0.03B,$0.02B,60.71%,$0.03B,$-0.01B,-21.43%,$0.03B,$-0.01B,-21.43%,$0.03B,$-0.00B,-14.29%,$0.03B,$-0.01B,-17.86%,$0.03B,$-0.01B,-21.43%,$-0.01B,$-0.00B,800.00%,$-0.01B,$-0.00B,218.18%,$-0.01B,$0.02B,-31.58%,$-0.01B,$-0.00B,800.00%,$7,$2,$4,$2,$4,$8,$-1,$0,$-1,$0,$-2,$-2,$-2,$-1,$-1,$63,63,$-0.02,$-0.02,$13,$0,$0,$15,$2,$0,$2,$0,$4,$19,$17,$0,$0,$3,$20,$1,$-323,$0,$-1,$19,$-5,$1,$3,$4,$1,$0,$0,$1,$2,$1,$-1,$0,$0,$0,$2,$2,$0,$1,$0,$0,$0,$0,$0,$0,$0,$0,$3,$3,$0
41,2008-06-30,2.78,$-0.01,-194.41,$0.44,6.27,$-0.05,0.0,$-0.10,0.0,$0.02B,$0.02B,0.9,$0.00B,$-0.00B,0.0,$0.03B,$0.02B,62.96%,$0.03B,$-0.01B,-25.93%,$0.03B,$-0.01B,-25.93%,$0.03B,$-0.01B,-18.52%,$0.03B,$-0.01B,-22.22%,$0.03B,$-0.01B,-22.22%,$-0.01B,$-0.00B,400.00%,$-0.01B,$-0.00B,171.43%,$-0.01B,$0.02B,-32.00%,$-0.01B,$-0.00B,700.00%,$7,$3,$4,$1,$5,$9,$-2,$0,$-1,$0,$-1,$-1,$-1,$-1,$-2,$63,63,$-0.02,$-0.02,$13,$0,$0,$15,$2,$0,$2,$0,$4,$19,$17,$0,$0,$4,$20,$1,$-322,$0,$-1,$19,$-3,$1,$2,$3,$0,$0,$0,$1,$2,$1,$-1,$0,$0,$0,$2,$2,$0,$1,$0,$0,$0,$0,$0,$0,$0,$0,$2,$2,$0
42,2008-03-31,3.87,$-0.01,-372.12,$0.43,9.11,$-0.07,0.0,$-0.13,0.0,$0.02B,$0.02B,0.93,$0.00B,$-0.00B,0.0,$0.03B,$0.02B,61.54%,$0.03B,$-0.01B,-30.77%,$0.03B,$-0.01B,-30.77%,$0.03B,$-0.01B,-26.92%,$0.03B,$-0.01B,-30.77%,$0.03B,$-0.01B,-30.77%,$-0.01B,$-0.00B,457.14%,$-0.01B,$-0.00B,213.33%,$-0.01B,$0.02B,-42.67%,$-0.01B,$-0.00B,1066.67%,$7,$3,$5,$2,$5,$9,$-2,$0,$-2,$0,$-2,$-2,$-2,$-1,$-2,$63,63,$-0.03,$-0.03,$13,$0,$0,$15,$2,$0,$2,$0,$4,$19,$16,$0,$0,$4,$20,$1,$-320,$0,$-1,$19,$-2,$0,$1,$1,$0,$0,$0,$0,$1,$0,$-0,$0,$0,$0,$2,$2,$0,$2,$0,$0,$0,$0,$0,$0,$0,$0,$2,$1,$0
43,2007-12-31,4.6,$-0.00,-1000.0,$0.40,11.5,$-0.08,0.0,$-0.13,0.0,$0.02B,$0.02B,0.94,$0.00B,$0.00B,0.0,$0.02B,$0.01B,58.33%,$0.02B,$-0.01B,-33.33%,$0.02B,$-0.01B,-33.33%,$0.02B,$-0.01B,-29.17%,$0.02B,$-0.01B,-33.33%,$0.02B,$-0.01B,-33.33%,$-0.01B,$0.00B,640.00%,$-0.01B,$-0.00B,246.15%,$-0.01B,$0.02B,-42.67%,$-0.01B,$0.00B,-3200.00%,$7,$3,$4,$1,$4,$8,$-1,$0,$-1,$0,$-1,$-1,$-1,$-1,$-1,$60,60,$-0.02,$-0.02,$12,$0,$0,$15,$2,$0,$2,$0,$5,$19,$16,$0,$0,$4,$20,$1,$-319,$0,$-0,$19,$-8,$2,$-1,$1,$-0,$0,$-0,$6,$6,$-1,$-1,$0,$0,$-2,$0,$-2,$0,$-3,$-2,$-0,$-2,$1,$1,$0,$4,$2,$-2,$1,$0
44,2007-09-30,1.92,$-0.06,-32.65,$0.38,5.03,$-0.34,0.0,$-0.17,0.0,$0.01B,$0.02B,0.78,$0.00B,$-0.00B,-0.31,$0.02B,$0.01B,56.52%,$0.02B,$-0.01B,-43.48%,$0.02B,$-0.01B,-43.48%,$0.02B,$-0.01B,-39.13%,$0.02B,$-0.01B,-43.48%,$0.02B,$-0.01B,-43.48%,$-0.01B,$-0.00B,1000.00%,$-0.01B,$-0.01B,333.33%,$-0.01B,$0.02B,-52.63%,$-0.01B,$-0.00B,-2000.00%,$6,$3,$4,$1,$4,$8,$-2,$0,$-2,$0,$-2,$-2,$-2,$-2,$-2,$60,60,$-0.03,$-0.03,$10,$0,$0,$13,$2,$0,$2,$1,$6,$18,$16,$1,$0,$6,$22,$1,$-317,$0,$-4,$18,$-7,$1,$-1,$0,$-0,$0,$0,$6,$6,$-0,$-1,$0,$0,$0,$-2,$-2,$0,$-2,$0,$-0,$-0,$0,$0,$0,$0,$-0,$-3,$1,$0
45,2007-06-30,1.85,$-0.03,-71.43,$0.36,5.17,$-0.59,0.0,$-0.21,0.0,$0.01B,$0.02B,0.87,$0.00B,$-0.00B,-0.83,$0.02B,$0.01B,50.00%,$0.02B,$-0.01B,-59.09%,$0.02B,$-0.01B,-59.09%,$0.02B,$-0.01B,-54.55%,$0.02B,$-0.01B,-54.55%,$0.02B,$-0.01B,-54.55%,$-0.01B,$-0.00B,-4800.00%,$-0.01B,$-0.00B,685.71%,$-0.01B,$0.02B,-60.00%,$-0.01B,$0.00B,-1040.00%,$6,$3,$3,$1,$5,$9,$-3,$-0,$-3,$0,$-3,$-3,$-3,$-3,$-3,$60,60,$-0.05,$-0.05,$11,$0,$0,$13,$2,$0,$2,$2,$6,$19,$15,$1,$0,$5,$21,$1,$-315,$0,$-2,$19,$-5,$1,$-1,$-0,$-0,$0,$0,$5,$5,$0,$-1,$0,$0,$0,$-2,$-2,$0,$-2,$0,$-0,$-0,$0,$0,$0,$0,$-0,$-2,$1,$0
46,2007-03-31,1.81,$0.02,90.5,$0.34,5.37,$-0.78,0.0,$-0.25,0.0,$0.01B,$0.01B,1.04,$0.00B,$0.00B,1.22,$0.02B,$0.01B,45.00%,$0.02B,$-0.02B,-85.00%,$0.02B,$-0.02B,-85.00%,$0.02B,$-0.02B,-75.00%,$0.02B,$-0.01B,-70.00%,$0.02B,$-0.01B,-70.00%,$-0.01B,$0.00B,-700.00%,$-0.01B,$-0.00B,inf%,$-0.01B,$0.02B,-63.64%,$-0.02B,$0.00B,-680.00%,$5,$3,$3,$1,$5,$7,$-2,$-0,$-2,$0,$-2,$-2,$-2,$-1,$-2,$60,60,$-0.03,$-0.03,$11,$0,$0,$13,$2,$0,$2,$2,$6,$19,$13,$1,$0,$5,$18,$1,$-312,$0,$1,$19,$-2,$0,$-1,$-1,$-0,$0,$0,$3,$2,$-0,$-0,$0,$0,$0,$-2,$-2,$0,$-2,$0,$-0,$-0,$0,$0,$0,$0,$-0,$-2,$1,$0
47,2006-12-31,1.19,$0.02,76.77,$0.33,3.65,$-0.89,0.0,$-0.36,0.0,$0.02B,$0.02B,0.95,$0.00B,$0.00B,0.0,$0.02B,$0.01B,36.84%,$0.02B,$-0.02B,-115.79%,$0.02B,$-0.02B,-115.79%,$0.02B,$-0.02B,-105.26%,$0.02B,$-0.02B,-100.00%,$0.02B,$-0.02B,-100.00%,$-0.02B,$0.00B,-633.33%,$-0.02B,$-0.00B,-2533.33%,$-0.02B,$0.02B,-78.35%,$-0.02B,$0.00B,-733.33%,$6,$3,$3,$1,$5,$9,$-3,$0,$-3,$0,$-3,$-3,$-3,$-3,$-3,$57,57,$-0.04,$-0.04,$13,$0,$0,$16,$2,$0,$2,$0,$5,$20,$17,$0,$0,$3,$19,$1,$-311,$0,$1,$20,$-20,$4,$-1,$3,$-1,$0,$-1,$3,$0,$-17,$-1,$0,$0,$0,$5,$5,$0,$4,$-5,$-0,$-6,$12,$12,$0,$-1,$5,$-7,$3,$0
