,Date,Stock Price,Book Value per Share,Price to Book Ratio,TTM Sales per Share,Price to Sales Ratio,TTM FCF per Share,Price to FCF Ratio,TTM Net EPS,PE Ratio,Current Assets,Current Liabilities,Current Ratio,Long Term Debt,Shareholder's Equity_x,Debt to Equity Ratio,TTM Revenue_x,TTM Gross Profit,Gross Margin,TTM Revenue_y,TTM Operating Income,Operating Margin,TTM Revenue_x,TTM EBIT,EBIT Margin,TTM Revenue_y,TTM EBITDA,EBITDA Margin,TTM Revenue_x,TTM Pre-Tax Income,Pre-Tax Margin,TTM Revenue_y,TTM Net Income_x,Net Margin,TTM Net Income_y,Shareholder's Equity_y,Return on Equity,TTM Net Income_x,Tangible Equity,Return on Tangible Equity,TTM Net Income_y,Total Assets,Return on Assets,TTM Net Income,LT Investments & Debt,Return on Investment,revenue,cost-goods-sold,gross-profit,research-development-expenses,selling-general-administrative-expenses,operating-expenses,operating-income,total-non-operating-income-expense,pre-tax-income,total-provision-income-taxes,income-after-taxes,income-from-continuous-operations,net-income,ebitda,ebit,basic-shares-outstanding,shares-outstanding,eps-basic-net-earnings-per-share,eps-earnings-per-share-diluted,cash-on-hand,inventory,other-current-assets,total-current-assets,net-property-plant-equipment,long-term-investments,goodwill-intangible-assets-total,other-long-term-assets,total-long-term-assets,total-assets,total-current-liabilities,long-term-debt,other-non-current-liabilities,total-long-term-liabilities,total-liabilities,common-stock-net,retained-earnings-accumulated-deficit,comprehensive-income,total-share-holder-equity,total-liabilities-share-holders-equity,net-income-loss,total-depreciation-amortization-cash-flow,other-non-cash-items,total-non-cash-items,change-in-accounts-receivable,change-in-inventories,change-in-accounts-payable,change-in-assets-liabilities,total-change-in-assets-liabilities,cash-flow-from-operating-activities,net-change-in-property-plant-equipment,net-change-in-intangible-assets,net-acquisitions-divestitures,net-change-in-short-term-investments,net-change-in-long-term-investments,net-change-in-investments-total,investing-activities-other,cash-flow-from-investing-activities,net-long-term-debt,net-current-debt,debt-issuance-retirement-net-total,net-common-equity-issued-repurchased,net-total-equity-issued-repurchased,total-common-preferred-stock-dividends-paid,financial-activities-other,cash-flow-from-financial-activities,net-cash-flow,stock-based-compensation,common-stock-dividends-paid
0,2018-09-30,4.01,$1.88,2.14,$1.01,3.98,$0.21,19.33,$0.03,133.67,$0.57B,$0.30B,1.88,$0.00B,$1.62B,0.0,$0.89B,$0.61B,68.01%,$0.89B,$0.02B,1.68%,$0.89B,$0.02B,1.68%,$0.89B,$0.05B,5.61%,$0.89B,$0.03B,3.70%,$0.89B,$0.03B,3.14%,$0.03B,$1.62B,1.72%,$0.03B,$0.54B,4.10%,$0.03B,$2.02B,1.42%,$0.02B,$1.62B,0.92%,$233,$79,$155,$71,$79,$228,$5,$5,$10,$0,$10,$10,$10,$17,$5,$861,887,$0.01,$0.01,$430,$0,$13,$571,$266,$0,$1076,$107,$1449,$2019,$303,$0,$79,$100,$403,$3486,$-1766,$-103,$1616,$2019,$15,$29,$45,$75,$7,$0,$-19,$5,$-11,$78,$-7,$0,$-222,$127,$0,$127,$-22,$-125,$0,$0,$0,$-74,$-65,$0,$-19,$-84,$-134,$50,$0
1,2018-06-30,4.07,$1.86,2.19,$1.00,4.08,$0.20,20.73,$0.04,101.75,$0.54B,$0.27B,2.01,$0.00B,$1.60B,0.0,$0.88B,$0.61B,69.08%,$0.88B,$0.03B,3.40%,$0.88B,$0.03B,3.40%,$0.88B,$0.06B,6.91%,$0.88B,$0.05B,5.21%,$0.88B,$0.04B,4.08%,$0.04B,$1.60B,2.21%,$0.04B,$0.51B,4.61%,$0.04B,$1.99B,1.84%,$0.03B,$1.60B,1.84%,$217,$74,$143,$67,$78,$220,$-3,$4,$1,$2,$-1,$-1,$-1,$6,$-3,$859,859,$0.00,$0.00,$402,$0,$12,$541,$264,$0,$1086,$94,$1445,$1986,$270,$0,$93,$117,$386,$3462,$-1762,$-100,$1600,$1986,$5,$17,$33,$50,$14,$0,$-16,$-10,$-17,$37,$-4,$0,$-222,$312,$-184,$128,$-23,$-121,$0,$0,$0,$-61,$-61,$0,$-14,$-75,$-160,$31,$0
2,2018-03-31,3.66,$1.90,1.92,$0.98,3.73,$0.19,19.28,$0.05,73.2,$0.76B,$0.23B,3.28,$0.00B,$1.64B,0.0,$0.88B,$0.61B,69.94%,$0.88B,$0.04B,4.46%,$0.88B,$0.04B,4.46%,$0.88B,$0.07B,7.77%,$0.88B,$0.05B,6.06%,$0.88B,$0.04B,4.80%,$0.04B,$1.64B,2.59%,$0.04B,$0.83B,4.80%,$0.04B,$1.92B,2.19%,$0.04B,$1.64B,2.40%,$208,$69,$139,$61,$74,$204,$4,$5,$9,$4,$6,$6,$6,$12,$4,$870,894,$0.01,$0.01,$635,$0,$10,$764,$265,$0,$812,$79,$1155,$1919,$233,$0,$34,$42,$275,$3444,$-1730,$-70,$1644,$1919,$6,$8,$17,$25,$11,$0,$-10,$-30,$-34,$-4,$-1,$0,$0,$160,$-125,$35,$-23,$11,$0,$0,$0,$-36,$-36,$0,$-6,$-43,$-34,$14,$0
3,2017-12-31,4.0,$1.89,2.12,$0.97,4.13,$0.19,21.3,$0.03,133.33,$0.83B,$0.28B,2.94,$0.00B,$1.64B,0.0,$0.86B,$0.60B,69.92%,$0.86B,$0.03B,3.02%,$0.86B,$0.03B,3.02%,$0.86B,$0.06B,6.50%,$0.86B,$0.04B,4.30%,$0.86B,$0.03B,3.14%,$0.03B,$1.64B,1.69%,$0.03B,$0.85B,3.05%,$0.03B,$1.98B,1.42%,$0.03B,$1.64B,1.62%,$233,$64,$169,$61,$99,$224,$9,$4,$13,$0,$13,$13,$13,$15,$9,$869,897,$0.01,$0.01,$694,$0,$9,$831,$267,$0,$795,$87,$1148,$1979,$283,$0,$49,$55,$338,$3427,$-1692,$-93,$1641,$1979,$27,$30,$67,$98,$-26,$0,$-4,$-4,$-30,$95,$-10,$0,$-134,$-309,$0,$-309,$-8,$-460,$0,$0,$0,$-96,$-96,$0,$-22,$-118,$-480,$65,$0
4,2017-09-30,3.78,$1.88,2.02,$0.93,4.08,$0.15,24.64,$-0.02,0.0,$0.90B,$0.24B,3.72,$0.00B,$1.63B,0.0,$0.82B,$0.56B,68.50%,$0.82B,$-0.02B,-2.08%,$0.82B,$-0.02B,-2.08%,$0.82B,$0.02B,1.95%,$0.82B,$-0.01B,-0.98%,$0.82B,$-0.02B,-2.56%,$-0.02B,$1.63B,-1.32%,$-0.02B,$0.93B,-2.31%,$-0.02B,$1.93B,-1.12%,$-0.02B,$1.63B,-1.07%,$225,$66,$159,$61,$78,$205,$20,$3,$23,$5,$18,$18,$18,$28,$20,$867,894,$0.02,$0.02,$781,$0,$31,$901,$266,$0,$701,$60,$1027,$1928,$242,$0,$49,$56,$298,$3411,$-1689,$-91,$1630,$1928,$14,$24,$53,$77,$-12,$0,$-6,$-7,$-23,$68,$-7,$0,$-28,$-255,$0,$-255,$-10,$-299,$0,$0,$0,$-97,$-89,$0,$-20,$-108,$-336,$49,$0
5,2017-06-30,3.64,$1.82,2.0,$0.88,4.13,$0.12,31.03,$-0.09,0.0,$0.86B,$0.25B,3.44,$0.00B,$1.58B,0.0,$0.78B,$0.52B,67.27%,$0.78B,$-0.08B,-10.70%,$0.78B,$-0.08B,-10.70%,$0.78B,$-0.03B,-3.48%,$0.78B,$-0.08B,-9.79%,$0.78B,$-0.08B,-10.44%,$-0.08B,$1.58B,-5.09%,$-0.08B,$0.89B,-8.77%,$-0.08B,$1.86B,-4.30%,$-0.08B,$1.58B,-5.22%,$209,$64,$145,$65,$75,$204,$6,$3,$8,$3,$5,$5,$5,$13,$6,$863,888,$0.01,$0.01,$750,$0,$28,$864,$267,$0,$687,$40,$994,$1857,$251,$0,$23,$30,$280,$3391,$-1702,$-112,$1577,$1857,$-4,$16,$36,$52,$-8,$0,$-8,$-1,$-15,$33,$-4,$0,$-28,$0,$0,$0,$-7,$-39,$0,$0,$0,$-93,$-93,$0,$-15,$-107,$-111,$34,$0
6,2017-03-31,2.85,$1.81,1.57,$0.85,3.34,$0.09,30.03,$-0.11,0.0,$0.85B,$0.24B,3.54,$0.00B,$1.56B,0.0,$0.75B,$0.50B,67.16%,$0.75B,$-0.10B,-12.82%,$0.75B,$-0.10B,-12.82%,$0.75B,$-0.04B,-4.81%,$0.75B,$-0.09B,-11.75%,$0.75B,$-0.09B,-12.02%,$-0.09B,$1.56B,-5.58%,$-0.09B,$0.88B,-9.49%,$-0.09B,$1.83B,-4.72%,$-0.10B,$1.56B,-5.95%,$194,$65,$129,$69,$69,$203,$-9,$2,$-7,$3,$-9,$-9,$-9,$-0,$-9,$876,876,$-0.01,$-0.01,$732,$0,$35,$853,$269,$0,$680,$29,$979,$1832,$241,$0,$24,$30,$271,$3374,$-1690,$-123,$1561,$1832,$-9,$9,$19,$28,$-9,$0,$-9,$-6,$-23,$-5,$-2,$0,$-28,$0,$0,$0,$-7,$-37,$0,$0,$0,$-83,$-83,$0,$-6,$-89,$-130,$18,$0
7,2016-12-31,2.57,$1.78,1.44,$0.85,3.04,$0.10,26.63,$-0.13,0.0,$0.97B,$0.24B,3.96,$0.00B,$1.58B,0.0,$0.74B,$0.50B,67.92%,$0.74B,$-0.11B,-15.36%,$0.74B,$-0.11B,-15.36%,$0.74B,$-0.05B,-7.01%,$0.74B,$-0.11B,-14.15%,$0.74B,$-0.11B,-14.56%,$-0.11B,$1.58B,-6.57%,$-0.11B,$0.94B,-11.14%,$-0.11B,$1.91B,-5.56%,$-0.11B,$1.58B,-6.94%,$191,$63,$128,$92,$70,$225,$-34,$2,$-32,$3,$-35,$-35,$-35,$-25,$-34,$879,879,$-0.03,$-0.03,$859,$0,$7,$965,$269,$0,$639,$32,$940,$1906,$244,$0,$76,$82,$325,$3350,$-1640,$-129,$1581,$1906,$-108,$62,$106,$168,$4,$0,$-4,$-2,$-0,$60,$-7,$0,$-34,$245,$0,$245,$0,$204,$0,$0,$0,$-137,$-137,$0,$-14,$-150,$110,$107,$0
8,2016-09-30,2.91,$1.85,1.57,$0.83,3.5,$-0.02,0.0,$-0.14,0.0,$0.97B,$0.21B,4.6,$0.00B,$1.65B,0.0,$0.74B,$0.50B,67.57%,$0.74B,$-0.14B,-18.32%,$0.74B,$-0.14B,-18.32%,$0.74B,$-0.07B,-9.50%,$0.74B,$-0.13B,-17.10%,$0.74B,$-0.12B,-16.82%,$-0.12B,$1.65B,-7.32%,$-0.12B,$0.98B,-12.39%,$-0.12B,$1.94B,-6.21%,$-0.14B,$1.65B,-7.97%,$182,$63,$120,$74,$71,$229,$-46,$2,$-45,$-3,$-42,$-42,$-42,$-15,$-46,$882,882,$-0.05,$-0.05,$873,$0,$28,$974,$269,$0,$666,$31,$967,$1941,$212,$0,$76,$82,$294,$3324,$-1570,$-107,$1647,$1941,$-73,$53,$79,$132,$9,$0,$-10,$-27,$-27,$32,$-4,$0,$-34,$240,$0,$240,$0,$203,$0,$0,$0,$-107,$-107,$0,$-2,$-109,$124,$81,$0
9,2016-06-30,2.49,$1.89,1.32,$0.83,2.99,$-0.11,0.0,$-0.09,0.0,$0.97B,$0.19B,5.06,$0.00B,$1.67B,0.0,$0.75B,$0.52B,68.84%,$0.75B,$-0.10B,-13.05%,$0.75B,$-0.10B,-13.05%,$0.75B,$-0.05B,-7.06%,$0.75B,$-0.09B,-11.58%,$0.75B,$-0.08B,-10.52%,$-0.08B,$1.67B,-4.48%,$-0.08B,$0.99B,-7.52%,$-0.08B,$1.94B,-3.81%,$-0.10B,$1.67B,-5.56%,$182,$56,$126,$66,$66,$188,$-7,$3,$-4,$1,$-4,$-4,$-4,$4,$-7,$873,873,$-0.01,$-0.01,$871,$0,$28,$966,$270,$0,$678,$31,$979,$1944,$191,$0,$80,$86,$276,$3297,$-1529,$-101,$1668,$1944,$-31,$22,$59,$80,$15,$0,$-14,$-39,$-38,$11,$-2,$0,$-14,$205,$0,$205,$0,$188,$0,$0,$0,$-110,$-110,$0,$-2,$-111,$86,$57,$0
10,2016-03-31,2.28,$1.92,1.19,$0.85,2.7,$-0.17,0.0,$-0.11,0.0,$0.98B,$0.20B,4.93,$0.00B,$1.68B,0.0,$0.77B,$0.53B,69.31%,$0.77B,$-0.12B,-15.47%,$0.77B,$-0.12B,-15.47%,$0.77B,$-0.07B,-9.23%,$0.77B,$-0.11B,-14.17%,$0.77B,$-0.10B,-13.26%,$-0.10B,$1.68B,-5.60%,$-0.10B,$0.97B,-9.27%,$-0.10B,$1.98B,-4.76%,$-0.12B,$1.68B,-6.53%,$187,$57,$130,$88,$69,$214,$-27,$3,$-24,$2,$-27,$-27,$-27,$-16,$-27,$871,871,$-0.03,$-0.03,$860,$0,$41,$978,$272,$0,$711,$18,$1000,$1978,$198,$0,$96,$102,$301,$3270,$-1422,$-70,$1677,$1978,$-27,$11,$31,$42,$7,$0,$-13,$-14,$-19,$-3,$-2,$0,$-13,$119,$0,$119,$0,$104,$0,$0,$0,$-110,$-110,$0,$-1,$-111,$-11,$30,$0
11,2015-12-31,2.68,$1.98,1.36,$0.83,3.21,$-0.22,0.0,$-0.13,0.0,$1.11B,$0.24B,4.71,$0.00B,$1.79B,0.0,$0.77B,$0.53B,69.15%,$0.77B,$-0.15B,-19.08%,$0.77B,$-0.15B,-19.08%,$0.77B,$-0.09B,-11.90%,$0.77B,$-0.13B,-16.99%,$0.77B,$-0.12B,-15.82%,$-0.12B,$1.79B,-6.47%,$-0.12B,$1.07B,-10.48%,$-0.12B,$2.13B,-5.47%,$-0.15B,$1.79B,-7.81%,$186,$63,$122,$85,$92,$241,$-55,$2,$-53,$-2,$-51,$-51,$-51,$-43,$-55,$914,914,$-0.05,$-0.05,$987,$0,$40,$1112,$273,$0,$722,$17,$1012,$2125,$236,$0,$95,$102,$338,$3235,$-1296,$-52,$1787,$2125,$-122,$54,$119,$173,$10,$0,$11,$-117,$-96,$-44,$-7,$0,$-20,$766,$11,$777,$0,$750,$0,$0,$0,$-81,$-81,$0,$-13,$-94,$611,$132,$0
12,2015-09-30,2.28,$2.06,1.11,$0.85,2.68,$-0.17,0.0,$-0.13,0.0,$1.19B,$0.22B,5.44,$0.00B,$1.92B,0.0,$0.77B,$0.54B,70.47%,$0.77B,$-0.14B,-18.13%,$0.77B,$-0.14B,-18.13%,$0.77B,$-0.08B,-10.23%,$0.77B,$-0.12B,-15.54%,$0.77B,$-0.12B,-14.90%,$-0.12B,$1.92B,-6.06%,$-0.12B,$1.18B,-9.72%,$-0.12B,$2.24B,-5.07%,$-0.14B,$1.92B,-7.38%,$196,$57,$139,$78,$69,$205,$-9,$3,$-6,$-9,$3,$3,$3,$2,$-9,$921,940,$0.00,$0.00,$1070,$0,$31,$1194,$281,$5,$740,$19,$1044,$2238,$220,$0,$91,$98,$317,$3207,$-1245,$-41,$1920,$2238,$-70,$42,$89,$132,$3,$0,$12,$-122,$-109,$-48,$-6,$0,$-20,$601,$11,$611,$0,$585,$0,$0,$0,$7,$7,$0,$-13,$-5,$532,$100,$0
13,2015-06-30,2.86,$2.06,1.39,$0.84,3.39,$-0.13,0.0,$-0.19,0.0,$1.18B,$0.25B,4.73,$0.00B,$1.90B,0.0,$0.75B,$0.53B,70.12%,$0.75B,$-0.19B,-25.23%,$0.75B,$-0.19B,-25.23%,$0.75B,$-0.12B,-16.07%,$0.75B,$-0.17B,-22.84%,$0.75B,$-0.18B,-23.24%,$-0.18B,$1.90B,-9.21%,$-0.18B,$1.19B,-14.80%,$-0.18B,$2.23B,-7.59%,$-0.19B,$1.90B,-10.00%,$200,$58,$142,$91,$79,$228,$-28,$2,$-26,$1,$-27,$-27,$-27,$-14,$-28,$912,912,$-0.03,$-0.03,$1059,$0,$28,$1176,$284,$40,$711,$18,$1053,$2229,$249,$0,$71,$79,$327,$3174,$-1248,$-25,$1901,$2229,$-73,$31,$69,$100,$7,$0,$13,$-87,$-69,$-43,$-5,$0,$0,$390,$11,$400,$0,$395,$0,$0,$0,$4,$4,$0,$-12,$-8,$344,$69,$0
14,2015-03-31,2.85,$2.05,1.39,$0.80,3.56,$-0.08,0.0,$-0.23,0.0,$1.11B,$0.30B,3.69,$0.00B,$1.87B,0.0,$0.71B,$0.49B,69.12%,$0.71B,$-0.23B,-32.29%,$0.71B,$-0.23B,-32.29%,$0.71B,$-0.15B,-21.67%,$0.71B,$-0.21B,-29.89%,$0.71B,$-0.21B,-29.89%,$-0.21B,$1.87B,-11.00%,$-0.21B,$1.18B,-17.85%,$-0.21B,$2.26B,-8.94%,$-0.23B,$1.87B,-11.89%,$183,$58,$126,$108,$72,$237,$-54,$9,$-45,$2,$-46,$-46,$-46,$-36,$-54,$898,898,$-0.05,$-0.05,$999,$0,$29,$1112,$288,$148,$691,$16,$1144,$2256,$301,$0,$74,$82,$383,$3143,$-1219,$-51,$1873,$2256,$-46,$18,$38,$56,$10,$0,$1,$-67,$-57,$-47,$-2,$0,$0,$133,$11,$144,$0,$142,$0,$0,$0,$3,$3,$0,$-12,$-8,$86,$41,$0
15,2014-12-31,2.66,$2.09,1.27,$0.79,3.35,$-0.05,0.0,$-0.25,0.0,$1.08B,$0.37B,2.93,$0.00B,$1.90B,0.0,$0.69B,$0.48B,69.03%,$0.69B,$-0.24B,-35.31%,$0.69B,$-0.24B,-35.31%,$0.69B,$-0.16B,-23.44%,$0.69B,$-0.23B,-33.86%,$0.69B,$-0.23B,-32.71%,$-0.23B,$1.90B,-11.61%,$-0.23B,$1.18B,-18.98%,$-0.23B,$2.35B,-9.40%,$-0.24B,$1.90B,-12.54%,$193,$55,$137,$105,$81,$241,$-49,$6,$-43,$3,$-45,$-45,$-45,$-31,$-49,$875,875,$-0.06,$-0.06,$965,$0,$23,$1083,$298,$231,$718,$19,$1266,$2349,$369,$0,$75,$84,$453,$3097,$-1172,$-29,$1896,$2349,$-226,$83,$127,$210,$-16,$0,$-6,$29,$12,$-5,$-4,$0,$-392,$48,$0,$48,$5,$-344,$0,$0,$0,$16,$16,$0,$-1,$15,$-334,$129,$0
16,2014-09-30,2.7,$2.14,1.26,$0.79,3.4,$-0.01,0.0,$-0.23,0.0,$0.99B,$0.37B,2.7,$0.00B,$1.93B,0.0,$0.67B,$0.46B,67.80%,$0.67B,$-0.22B,-32.94%,$0.67B,$-0.22B,-32.94%,$0.67B,$-0.13B,-18.69%,$0.67B,$-0.22B,-32.05%,$0.67B,$-0.21B,-30.56%,$-0.21B,$1.93B,-10.61%,$-0.21B,$1.18B,-15.80%,$-0.21B,$2.39B,-8.63%,$-0.22B,$1.93B,-11.43%,$177,$53,$123,$100,$83,$236,$-59,$1,$-58,$-1,$-57,$-57,$-57,$-40,$-59,$884,884,$-0.06,$-0.06,$874,$0,$24,$992,$307,$319,$752,$21,$1399,$2391,$368,$0,$79,$92,$460,$3062,$-1127,$-5,$1931,$2391,$-181,$65,$93,$158,$-13,$0,$-6,$30,$14,$-9,$-2,$0,$-392,$50,$0,$50,$0,$-343,$0,$0,$0,$16,$16,$0,$-1,$15,$-337,$93,$0
17,2014-06-30,3.21,$2.21,1.45,$0.85,3.8,$0.02,204.46,$-0.17,0.0,$0.90B,$0.35B,2.56,$0.00B,$1.97B,0.0,$0.70B,$0.48B,68.29%,$0.70B,$-0.17B,-23.71%,$0.70B,$-0.17B,-23.71%,$0.70B,$-0.05B,-6.43%,$0.70B,$-0.16B,-22.71%,$0.70B,$-0.15B,-21.29%,$-0.15B,$1.97B,-7.73%,$-0.15B,$1.19B,-10.53%,$-0.15B,$2.44B,-6.30%,$-0.17B,$1.97B,-8.61%,$153,$51,$102,$94,$74,$219,$-66,$2,$-65,$-2,$-63,$-63,$-63,$-46,$-66,$873,873,$-0.07,$-0.07,$778,$0,$29,$903,$317,$422,$780,$21,$1540,$2443,$352,$0,$106,$121,$473,$3022,$-1070,$17,$1970,$2443,$-124,$45,$55,$100,$-11,$0,$2,$28,$17,$-6,$0,$0,$-391,$56,$0,$56,$1,$-334,$0,$0,$0,$11,$11,$0,$-1,$10,$-330,$57,$0
18,2014-03-31,4.3,$2.25,1.91,$0.96,4.48,$0.05,91.1,$-0.12,0.0,$0.91B,$0.27B,3.32,$0.00B,$1.99B,0.0,$0.78B,$0.55B,70.18%,$0.78B,$-0.13B,-16.71%,$0.78B,$-0.13B,-16.71%,$0.78B,$0.00B,0.13%,$0.78B,$-0.13B,-16.45%,$0.78B,$-0.10B,-13.11%,$-0.10B,$1.99B,-5.37%,$-0.10B,$1.22B,-6.72%,$-0.10B,$2.43B,-4.35%,$-0.13B,$1.99B,-6.84%,$168,$54,$115,$98,$87,$238,$-70,$2,$-68,$-7,$-61,$-61,$-61,$-45,$-70,$850,850,$-0.07,$-0.07,$786,$0,$28,$911,$327,$355,$774,$67,$1523,$2434,$274,$0,$146,$171,$445,$2992,$-1007,$4,$1989,$2434,$-61,$25,$24,$49,$-3,$0,$-9,$-0,$-12,$-24,$4,$0,$-391,$59,$0,$59,$0,$-328,$0,$0,$0,$10,$10,$0,$-0,$9,$-343,$28,$0
19,2013-12-31,3.8,$2.26,1.68,$1.08,3.51,$0.10,39.01,$-0.05,0.0,$1.24B,$0.28B,4.49,$0.00B,$1.88B,0.0,$0.87B,$0.63B,71.51%,$0.87B,$-0.07B,-7.44%,$0.87B,$-0.07B,-7.44%,$0.87B,$0.07B,8.35%,$0.87B,$-0.07B,-7.44%,$0.87B,$-0.04B,-4.23%,$-0.04B,$1.88B,-1.98%,$-0.04B,$1.63B,-2.28%,$-0.04B,$2.28B,-1.56%,$-0.07B,$1.88B,-3.43%,$176,$59,$117,$78,$66,$204,$-27,$2,$-25,$-0,$-25,$-25,$-25,$5,$-27,$800,800,$-0.04,$-0.03,$1129,$0,$24,$1241,$349,$416,$246,$26,$1038,$2279,$277,$0,$122,$125,$402,$2824,$-945,$-1,$1877,$2279,$-37,$139,$91,$231,$41,$0,$-2,$-202,$-165,$29,$-5,$0,$-18,$170,$0,$170,$0,$147,$-100,$0,$-100,$17,$17,$0,$-13,$-96,$80,$84,$0
20,2013-09-30,3.67,$2.30,1.6,$1.28,2.87,$-0.12,0.0,$-0.08,0.0,$1.22B,$0.31B,3.93,$0.00B,$1.87B,0.0,$1.01B,$0.74B,73.54%,$1.01B,$0.00B,0.00%,$1.01B,$0.00B,0.00%,$1.01B,$0.14B,13.78%,$1.01B,$-0.00B,-0.20%,$1.01B,$-0.06B,-6.05%,$-0.06B,$1.87B,-3.29%,$-0.06B,$1.63B,-3.79%,$-0.06B,$2.30B,-2.50%,$0.00B,$1.87B,0.00%,$203,$59,$144,$81,$55,$205,$-3,$2,$-1,$-1,$-0,$-0,$-0,$41,$-3,$804,804,$0.00,$0.00,$1102,$0,$31,$1222,$381,$426,$248,$23,$1078,$2300,$311,$0,$113,$116,$427,$2793,$-913,$-1,$1873,$2300,$-12,$107,$69,$176,$40,$0,$-3,$-180,$-143,$21,$-7,$0,$-18,$112,$0,$112,$0,$87,$-100,$0,$-100,$5,$5,$0,$-12,$-107,$1,$65,$0
21,2013-06-30,2.78,$2.32,1.2,$1.45,1.92,$-0.33,0.0,$-0.15,0.0,$1.25B,$0.37B,3.34,$0.00B,$1.86B,0.0,$1.12B,$0.82B,73.37%,$1.12B,$-0.09B,-8.37%,$1.12B,$-0.09B,-8.37%,$1.12B,$0.14B,12.11%,$1.12B,$-0.10B,-8.64%,$1.12B,$-0.11B,-10.15%,$-0.11B,$1.86B,-6.16%,$-0.11B,$1.60B,-7.11%,$-0.11B,$2.36B,-4.53%,$-0.09B,$1.86B,-4.88%,$231,$61,$170,$124,$76,$261,$-30,$-3,$-34,$-18,$-16,$-16,$-16,$0,$-30,$794,794,$-0.02,$-0.02,$1119,$0,$29,$1246,$413,$418,$262,$17,$1110,$2356,$373,$0,$113,$121,$494,$2777,$-913,$-2,$1862,$2356,$-12,$63,$54,$117,$33,$0,$-2,$-110,$-79,$26,$-6,$0,$-18,$-62,$0,$-62,$-0,$-87,$-100,$0,$-100,$5,$5,$0,$-11,$-107,$-169,$56,$0
22,2013-03-31,3.36,$2.35,1.43,$1.61,2.08,$-0.58,0.0,$-0.16,0.0,$1.42B,$0.43B,3.31,$0.10B,$1.86B,0.05,$1.22B,$0.89B,72.88%,$1.22B,$-0.10B,-8.33%,$1.22B,$-0.10B,-8.33%,$1.22B,$0.14B,11.19%,$1.22B,$-0.08B,-6.45%,$1.22B,$-0.12B,-9.89%,$-0.12B,$1.86B,-6.53%,$-0.12B,$1.63B,-7.64%,$-0.12B,$2.52B,-4.64%,$-0.10B,$1.96B,-5.23%,$264,$69,$194,$129,$70,$269,$-5,$0,$-5,$-9,$4,$4,$4,$27,$-5,$780,828,$0.01,$0.00,$1269,$0,$30,$1424,$442,$403,$238,$15,$1099,$2523,$431,$100,$105,$228,$659,$2763,$-897,$-2,$1864,$2523,$4,$32,$27,$59,$14,$0,$2,$-53,$-37,$26,$-5,$0,$0,$15,$0,$15,$-1,$9,$0,$0,$0,$3,$3,$0,$1,$5,$40,$30,$0
23,2012-12-31,2.36,$2.34,1.01,$1.75,1.35,$-0.55,0.0,$-0.28,0.0,$1.48B,$0.51B,2.92,$0.10B,$1.83B,0.06,$1.28B,$0.93B,72.52%,$1.28B,$-0.18B,-14.29%,$1.28B,$-0.18B,-14.29%,$1.28B,$0.05B,4.22%,$1.28B,$-0.16B,-12.41%,$1.28B,$-0.21B,-16.39%,$-0.21B,$1.83B,-11.48%,$-0.21B,$1.58B,-13.67%,$-0.21B,$2.58B,-7.99%,$-0.18B,$1.93B,-9.61%,$311,$77,$234,$132,$65,$274,$38,$0,$38,$86,$-49,$-49,$-49,$71,$38,$741,741,$-0.06,$-0.06,$1313,$0,$29,$1484,$466,$368,$243,$16,$1092,$2576,$509,$100,$109,$242,$751,$2726,$-604,$-1,$1826,$2576,$-209,$237,$236,$473,$34,$0,$-21,$-94,$-68,$196,$-332,$0,$-206,$-954,$-10,$-964,$5,$-1497,$100,$0,$100,$10,$10,$0,$-5,$105,$-1196,$282,$0
24,2012-09-30,2.84,$2.38,1.19,$2.41,1.18,$0.16,17.67,$-1.44,0.0,$1.54B,$0.57B,2.68,$0.10B,$1.85B,0.05,$1.28B,$0.90B,70.41%,$1.28B,$-0.71B,-55.27%,$1.28B,$-0.71B,-55.27%,$1.28B,$-0.47B,-36.85%,$1.28B,$-0.69B,-53.47%,$1.28B,$-0.57B,-44.34%,$-0.57B,$1.85B,-31.37%,$-0.57B,$1.60B,-36.72%,$-0.57B,$2.61B,-21.74%,$-0.71B,$1.95B,-38.05%,$317,$90,$226,$156,$72,$413,$-97,$1,$-96,$-43,$-53,$-53,$-53,$38,$-97,$755,755,$-0.07,$-0.07,$1352,$0,$37,$1535,$488,$325,$249,$8,$1070,$2605,$574,$100,$58,$178,$752,$2693,$-555,$-1,$1854,$2605,$-161,$204,$201,$404,$35,$0,$-7,$-107,$-67,$176,$-326,$-3,$-206,$-936,$0,$-936,$7,$-1462,$100,$0,$100,$19,$19,$0,$-20,$98,$-1188,$267,$0
