,Date,Stock Price,Book Value per Share,Price to Book Ratio,TTM Sales per Share,Price to Sales Ratio,TTM FCF per Share,Price to FCF Ratio,TTM Net EPS,PE Ratio,Current Assets,Current Liabilities,Current Ratio,Long Term Debt,Shareholder's Equity_x,Debt to Equity Ratio,TTM Revenue_x,TTM Gross Profit,Gross Margin,TTM Revenue_y,TTM Operating Income,Operating Margin,TTM Revenue_x,TTM EBIT,EBIT Margin,TTM Revenue_y,TTM EBITDA,EBITDA Margin,TTM Revenue_x,TTM Pre-Tax Income,Pre-Tax Margin,TTM Revenue_y,TTM Net Income_x,Net Margin,TTM Net Income_y,Shareholder's Equity_y,Return on Equity,TTM Net Income_x,Tangible Equity,Return on Tangible Equity,TTM Net Income_y,Total Assets,Return on Assets,TTM Net Income,LT Investments & Debt,Return on Investment,revenue,cost-goods-sold,gross-profit,research-development-expenses,selling-general-administrative-expenses,operating-expenses,operating-income,total-non-operating-income-expense,pre-tax-income,total-provision-income-taxes,income-after-taxes,income-from-continuous-operations,net-income,ebitda,ebit,basic-shares-outstanding,shares-outstanding,eps-basic-net-earnings-per-share,eps-earnings-per-share-diluted,cash-on-hand,inventory,other-current-assets,total-current-assets,net-property-plant-equipment,long-term-investments,goodwill-intangible-assets-total,other-long-term-assets,total-long-term-assets,total-assets,total-current-liabilities,long-term-debt,other-non-current-liabilities,total-long-term-liabilities,total-liabilities,common-stock-net,retained-earnings-accumulated-deficit,comprehensive-income,total-share-holder-equity,total-liabilities-share-holders-equity,net-income-loss,total-depreciation-amortization-cash-flow,other-non-cash-items,total-non-cash-items,change-in-accounts-receivable,change-in-inventories,change-in-accounts-payable,change-in-assets-liabilities,total-change-in-assets-liabilities,cash-flow-from-operating-activities,net-change-in-property-plant-equipment,net-change-in-intangible-assets,net-acquisitions-divestitures,net-change-in-short-term-investments,net-change-in-long-term-investments,net-change-in-investments-total,investing-activities-other,cash-flow-from-investing-activities,net-long-term-debt,net-current-debt,debt-issuance-retirement-net-total,net-common-equity-issued-repurchased,net-total-equity-issued-repurchased,total-common-preferred-stock-dividends-paid,financial-activities-other,cash-flow-from-financial-activities,net-cash-flow,stock-based-compensation,common-stock-dividends-paid
0,2018-09-30,32.04,$0.00,0.0,$81.61,0.39,$16.74,1.91,$1.97,16.26,$4.74B,$12.64B,0.38,$1.65B,$11.70B,0.14,$16.81B,$3.01B,17.92%,$16.81B,$1.88B,11.18%,$16.81B,$1.88B,11.18%,$16.81B,$1.88B,11.18%,$16.81B,$2.04B,12.12%,$16.81B,$1.34B,7.98%,$1.34B,$11.70B,17.00%,$1.34B,$11.22B,17.83%,$1.34B,$36.59B,5.22%,$1.88B,$13.35B,18.82%,$6076,$5002,$1075,$7,$404,$5626,$451,$33,$484,$123,$360,$360,$300,$451,$451,$215,215,$1.40,$1.40,$2356,$291,$0,$4739,$24612,$1132,$480,$163,$31854,$36593,$12640,$1649,$10343,$12250,$24890,$1803,$3733,$0,$11704,$36593,$0,$0,$2419,$2419,$0,$0,$0,$0,$0,$2419,$-1418,$0,$0,$0,$14,$14,$12,$-1392,$-732,$0,$-732,$0,$0,$-650,$1614,$233,$1266,$0,$-650
1,2018-03-31,51.87,$0.00,0.0,$78.39,0.66,$22.78,2.28,$4.50,11.53,$2.71B,$11.06B,0.25,$2.61B,$10.36B,0.25,$15.62B,$3.00B,19.24%,$15.62B,$2.01B,12.87%,$15.62B,$2.01B,12.87%,$15.62B,$2.01B,12.87%,$15.62B,$2.30B,14.73%,$15.62B,$1.54B,9.85%,$1.54B,$10.36B,21.73%,$1.54B,$9.84B,22.91%,$1.54B,$34.61B,6.46%,$2.01B,$12.97B,21.52%,$5364,$4588,$776,$0,$378,$4815,$549,$37,$586,$136,$450,$450,$400,$549,$549,$204,204,$1.97,$1.97,$989,$273,$0,$2712,$25019,$901,$516,$163,$31898,$34610,$11058,$2610,$10003,$13196,$24254,$1587,$3904,$0,$10356,$34610,$0,$0,$710,$710,$0,$0,$0,$0,$0,$710,$-185,$0,$0,$0,$1,$1,$4,$-180,$-548,$0,$-548,$0,$0,$-135,$11,$-672,$-150,$0,$-135
2,2017-09-30,33.87,$0.00,0.0,$73.44,0.46,$21.96,1.54,$4.59,7.38,$2.62B,$8.69B,0.3,$4.09B,$9.52B,0.43,$14.53B,$3.17B,21.82%,$14.53B,$2.00B,13.77%,$14.53B,$2.00B,13.77%,$14.53B,$2.00B,13.77%,$14.53B,$2.32B,15.95%,$14.53B,$1.55B,10.65%,$1.55B,$9.52B,23.81%,$1.55B,$9.05B,25.15%,$1.55B,$31.68B,6.95%,$2.00B,$13.61B,23.01%,$5367,$4207,$1160,$0,$385,$4488,$879,$89,$967,$216,$751,$751,$642,$879,$879,$199,199,$3.22,$3.22,$948,$267,$0,$2623,$23057,$789,$471,$101,$29056,$31679,$8686,$4091,$8861,$13474,$22159,$1512,$3494,$0,$9520,$31679,$0,$0,$2573,$2573,$0,$0,$0,$0,$0,$2573,$-681,$0,$-89,$0,$4,$4,$14,$-752,$-1282,$258,$-1024,$0,$0,$-568,$0,$-1591,$225,$0,$-568
3,2016-12-31,24.89,$0.00,0.0,$66.64,0.37,$24.11,1.03,$3.89,6.4,$0.00B,$0.00B,0.0,$0.00B,$0.00B,0.0,$13.29B,$6.13B,46.14%,$13.29B,$5.24B,39.45%,$13.29B,$5.24B,39.45%,$13.29B,$7.15B,53.79%,$13.29B,$5.47B,41.17%,$13.29B,$0.76B,5.74%,$0.76B,$0.00B,12.46%,$0.76B,$0.00B,12.94%,$0.76B,$0.00B,3.49%,$5.24B,$0.00B,52.85%,$0,$0,$0,$0,$0,$0,$0,$0,$0,$0,$0,$0,$0,$0,$0,$0,0,$0.00,$0.00,$0,$0,$0,$0,$0,$0,$0,$0,$0,$0,$0,$0,$0,$0,$0,$0,$0,$0,$0,$0,$0,$0,$0,$0,$0,$0,$0,$0,$0,$0,$0,$0,$0,$0,$0,$0,$0,$0,$0,$0,$0,$0,$0,$0,$0,$0,$0,$0,$0
4,2016-09-30,27.26,$0.00,0.0,$92.79,0.29,$35.77,0.76,$4.84,5.63,$2.09B,$9.38B,0.22,$2.34B,$8.44B,0.28,$18.40B,$6.31B,34.27%,$18.40B,$5.04B,27.38%,$18.40B,$5.04B,27.38%,$18.40B,$6.94B,37.73%,$18.40B,$5.80B,31.51%,$18.40B,$0.95B,5.16%,$0.95B,$8.44B,11.65%,$0.95B,$7.97B,12.15%,$0.95B,$28.89B,3.26%,$5.04B,$10.78B,38.74%,$4886,$3818,$1068,$0,$381,$4304,$582,$166,$748,$172,$576,$576,$496,$582,$582,$195,195,$2.55,$2.55,$698,$266,$198,$2085,$21627,$741,$468,$110,$26803,$28888,$9382,$2340,$8154,$11070,$20453,$1473,$2855,$0,$8436,$28888,$0,$0,$3085,$3085,$0,$0,$0,$0,$0,$3085,$-1001,$0,$-29,$0,$17,$17,$12,$-1001,$-1822,$0,$-1822,$0,$0,$-408,$3,$-2226,$-141,$0,$-408
5,2016-03-31,29.64,$0.00,0.0,$89.06,0.33,$29.80,0.99,$3.62,8.19,$1.94B,$9.57B,0.2,$2.35B,$8.05B,0.29,$17.73B,$9.45B,53.30%,$17.73B,$8.67B,48.89%,$17.73B,$8.67B,48.89%,$17.73B,$10.57B,59.64%,$17.73B,$9.26B,52.24%,$17.73B,$0.71B,4.02%,$0.71B,$8.05B,8.83%,$0.71B,$7.60B,9.08%,$0.71B,$28.52B,2.40%,$8.67B,$10.40B,55.66%,$4281,$3338,$943,$0,$319,$3740,$540,$63,$603,$141,$463,$463,$410,$540,$540,$200,200,$2.05,$2.05,$566,$261,$0,$1935,$21745,$681,$445,$100,$26581,$28516,$9574,$2350,$7939,$10894,$20468,$1501,$2429,$0,$8048,$28516,$0,$0,$744,$744,$0,$0,$0,$0,$0,$744,$-392,$0,$0,$0,$-54,$-54,$7,$-438,$-495,$0,$-495,$0,$0,$-92,$15,$-571,$-266,$0,$-92
6,2015-12-31,36.19,$0.00,0.0,$88.57,0.41,$33.14,1.09,$1.97,18.37,$2.27B,$10.55B,0.22,$10.51B,$7.99B,1.32,$17.80B,$12.86B,72.24%,$17.80B,$12.48B,70.12%,$17.80B,$12.48B,70.12%,$17.80B,$16.14B,90.69%,$17.80B,$13.01B,73.10%,$17.80B,$0.39B,2.18%,$0.39B,$7.99B,4.93%,$0.39B,$7.99B,5.00%,$0.39B,$29.93B,1.28%,$12.48B,$18.49B,68.28%,$4119,$0,$4119,$0,$0,$0,$4119,$0,$4119,$0,$4119,$-144,$-144,$6025,$4119,$204,204,$-0.70,$-0.70,$754,$258,$245,$2271,$34825,$41,$0,$1276,$36365,$29927,$10545,$10506,$307,$11397,$21942,$1580,$2151,$0,$7985,$29927,$984,$1906,$0,$1906,$0,$0,$0,$0,$522,$3819,$-1439,$0,$-11,$0,$0,$311,$24,$-1115,$0,$0,$-4546,$0,$0,$-63,$153,$-4456,$-1747,$0,$0
7,2015-09-30,34.68,$0.00,0.0,$94.39,0.37,$34.35,1.01,$4.54,7.64,$2.56B,$7.95B,0.32,$4.21B,$8.15B,0.52,$18.82B,$9.70B,51.55%,$18.82B,$8.86B,47.08%,$18.82B,$8.86B,47.08%,$18.82B,$10.62B,56.41%,$18.82B,$9.44B,50.15%,$18.82B,$0.90B,4.79%,$0.90B,$8.15B,11.78%,$0.90B,$7.73B,11.95%,$0.90B,$29.40B,2.98%,$8.86B,$12.36B,51.33%,$5117,$4941,$176,$0,$378,$5320,$-203,$530,$328,$64,$264,$188,$188,$-203,$-203,$196,196,$0.95,$0.95,$880,$281,$374,$2560,$0,$682,$423,$226,$1516,$29400,$7951,$4208,$8440,$13298,$21249,$1570,$2279,$0,$8151,$29400,$0,$0,$0,$0,$0,$0,$0,$0,$0,$3115,$-833,$0,$-11,$0,$0,$5,$26,$-813,$0,$-4197,$0,$0,$0,$-0,$-105,$-4303,$-1996,$0,$0
8,2015-06-30,55.01,$0.00,0.0,$97.13,0.57,$22.69,2.42,$5.21,10.56,$3.43B,$8.95B,0.38,$12.94B,$8.10B,1.6,$17.64B,$13.46B,76.32%,$17.64B,$13.00B,73.70%,$17.64B,$13.00B,73.70%,$17.64B,$14.76B,83.66%,$17.64B,$13.05B,73.97%,$17.64B,$0.93B,5.30%,$0.93B,$8.10B,12.83%,$0.93B,$8.10B,12.83%,$0.93B,$30.90B,3.10%,$13.00B,$21.03B,67.89%,$4210,$0,$4210,$0,$0,$0,$4210,$0,$4210,$0,$4210,$259,$259,$4210,$4210,$197,197,$1.31,$1.31,$1596,$284,$224,$3434,$0,$588,$0,$691,$1462,$30898,$8947,$12935,$305,$13852,$22799,$1612,$2193,$0,$8099,$30898,$2022,$0,$0,$0,$0,$0,$0,$0,$0,$1623,$-690,$0,$-11,$0,$0,$0,$67,$-635,$0,$-2736,$-2736,$0,$0,$-0,$797,$-1940,$-954,$0,$0
9,2014-12-31,22.53,$0.00,0.0,$97.05,0.23,$16.31,1.38,$3.65,6.17,$4.48B,$8.81B,0.51,$14.00B,$7.24B,1.93,$17.63B,$9.75B,55.29%,$17.63B,$8.89B,50.41%,$17.63B,$8.89B,50.41%,$17.63B,$10.65B,60.37%,$17.63B,$8.79B,49.87%,$17.63B,$0.63B,3.54%,$0.63B,$7.24B,8.96%,$0.63B,$7.24B,9.09%,$0.63B,$30.88B,2.13%,$8.89B,$21.24B,51.66%,$4356,$0,$4356,$0,$0,$0,$4356,$0,$4356,$0,$4356,$85,$85,$6112,$4356,$208,208,$0.41,$0.41,$2581,$270,$1117,$4484,$0,$515,$0,$687,$1359,$30881,$8805,$13998,$268,$14832,$23638,$1598,$1672,$0,$7243,$30881,$499,$1756,$0,$1756,$0,$0,$0,$0,$51,$2209,$-1146,$0,$-93,$0,$0,$2,$-352,$-1589,$0,$0,$222,$0,$0,$-85,$-158,$-21,$597,$0,$0
10,2014-09-30,15.39,$0.00,0.0,$96.80,0.16,$9.16,1.68,$2.83,5.44,$4.56B,$8.17B,0.56,$7.31B,$7.09B,1.03,$17.19B,$9.31B,54.14%,$17.19B,$8.45B,49.14%,$17.19B,$8.45B,49.14%,$17.19B,$9.96B,57.92%,$17.19B,$8.35B,48.58%,$17.19B,$0.46B,2.69%,$0.46B,$7.09B,6.73%,$0.46B,$7.09B,6.83%,$0.46B,$29.96B,1.64%,$8.45B,$14.40B,51.56%,$5134,$4176,$958,$0,$462,$4638,$496,$46,$542,$121,$422,$369,$369,$496,$496,$198,198,$1.87,$1.87,$2908,$279,$502,$4558,$0,$574,$0,$559,$1350,$29956,$8166,$7311,$7258,$14701,$22867,$1594,$190,$0,$7090,$29956,$13405,$0,$0,$0,$0,$0,$0,$0,$13763,$1707,$834,$0,$0,$0,$0,$834,$-2408,$-740,$0,$4473,$0,$0,$0,$341,$-5035,$-221,$746,$0,$0
11,2014-06-30,14.14,$0.00,0.0,$94.18,0.15,$-3.21,0.0,$2.75,5.14,$4.02B,$8.11B,0.5,$13.22B,$6.70B,1.98,$16.64B,$9.19B,55.24%,$16.64B,$8.33B,50.08%,$16.64B,$8.33B,50.08%,$16.64B,$9.84B,59.15%,$16.64B,$8.33B,50.07%,$16.64B,$0.44B,2.67%,$0.44B,$6.70B,6.49%,$0.44B,$6.70B,6.69%,$0.44B,$28.84B,1.62%,$8.33B,$19.91B,52.40%,$3938,$0,$3938,$0,$0,$0,$3938,$0,$3938,$0,$3938,$221,$221,$3938,$3938,$136,136,$1.62,$1.62,$2183,$271,$223,$4019,$0,$452,$0,$565,$1299,$28843,$8107,$13219,$196,$14042,$22149,$1593,$1229,$0,$6695,$28843,$0,$0,$0,$0,$0,$0,$0,$0,$0,$0,$0,$0,$0,$0,$0,$0,$0,$0,$0,$0,$0,$0,$0,$0,$0,$0,$0,$0,$0
12,2014-03-31,15.14,$0.00,0.0,$83.86,0.18,$-3.21,0.0,$1.37,11.05,$3.44B,$8.15B,0.42,$6.40B,$6.87B,0.93,$16.35B,$8.90B,54.44%,$16.35B,$8.04B,49.19%,$16.35B,$8.04B,49.19%,$16.35B,$9.55B,58.42%,$16.35B,$8.04B,49.18%,$16.35B,$0.27B,1.65%,$0.27B,$6.87B,3.97%,$0.27B,$6.47B,4.09%,$0.27B,$27.54B,1.02%,$8.04B,$13.28B,54.34%,$4204,$3708,$496,$0,$397,$4105,$99,$-181,$-43,$-15,$-28,$-50,$-50,$99,$99,$197,197,$-0.25,$-0.25,$1967,$275,$367,$3436,$0,$531,$409,$159,$1346,$27543,$8145,$6401,$5982,$12525,$20670,$1605,$1380,$0,$6874,$27543,$0,$0,$0,$0,$0,$0,$0,$0,$0,$161,$-486,$0,$0,$0,$0,$10,$10,$-467,$0,$-202,$0,$0,$0,$-81,$490,$207,$-94,$0,$0
13,2013-12-31,18.22,$0.00,0.0,$82.34,0.22,$-1.57,0.0,$1.67,10.91,$3.32B,$7.95B,0.42,$11.08B,$6.86B,1.62,$15.90B,$12.16B,76.48%,$15.90B,$11.70B,73.58%,$15.90B,$11.70B,73.58%,$15.90B,$13.21B,83.07%,$15.90B,$11.84B,74.47%,$15.90B,$0.33B,2.06%,$0.33B,$6.86B,6.49%,$0.33B,$6.86B,6.62%,$0.33B,$26.68B,1.69%,$11.70B,$17.94B,101.92%,$3914,$0,$3914,$0,$0,$0,$3914,$0,$3914,$0,$3914,$-77,$-77,$5423,$3914,$190,190,$-0.41,$-0.41,$1897,$266,$254,$3323,$0,$440,$0,$553,$1195,$26681,$7948,$11082,$180,$11877,$19825,$1586,$1457,$0,$6856,$26681,$563,$1510,$0,$1510,$0,$0,$0,$0,$14,$1567,$-1955,$0,$8,$0,$0,$0,$-25,$-1971,$0,$0,$1144,$0,$0,$-79,$-391,$673,$269,$0,$0
14,2013-09-30,17.3,$0.00,0.0,$78.78,0.22,$-2.29,0.0,$2.40,7.21,$3.74B,$8.21B,0.46,$5.54B,$6.93B,0.8,$15.43B,$11.69B,75.76%,$15.43B,$11.23B,72.78%,$15.43B,$11.23B,72.78%,$15.43B,$11.23B,72.78%,$15.43B,$11.37B,73.69%,$15.43B,$0.47B,3.04%,$0.47B,$6.93B,9.54%,$0.47B,$6.53B,9.74%,$0.47B,$26.49B,2.56%,$11.23B,$12.47B,106.55%,$4580,$3739,$841,$0,$461,$4200,$380,$109,$521,$111,$410,$350,$350,$380,$380,$196,196,$1.79,$1.79,$2602,$280,$240,$3744,$0,$504,$399,$139,$1234,$26486,$8212,$5540,$5679,$11343,$19555,$1593,$1530,$0,$6931,$26486,$0,$0,$0,$0,$0,$0,$0,$0,$0,$1826,$-1733,$0,$0,$0,$0,$7,$101,$-1624,$0,$-4138,$81,$0,$0,$-337,$5137,$743,$940,$0,$0
15,2013-06-30,18.8,$0.00,0.0,$81.37,0.23,$-2.77,0.0,$2.11,8.91,$2.90B,$7.88B,0.37,$9.08B,$6.43B,1.41,$15.74B,$15.74B,100.00%,$15.74B,$15.74B,100.00%,$15.74B,$15.74B,100.00%,$15.74B,$15.74B,100.00%,$15.74B,$15.74B,100.00%,$15.74B,$0.40B,2.56%,$0.40B,$6.43B,12.66%,$0.40B,$6.43B,12.66%,$0.40B,$24.33B,3.43%,$15.74B,$15.50B,212.16%,$3647,$0,$3647,$0,$0,$0,$3647,$0,$3647,$0,$3647,$46,$46,$3647,$3647,$196,196,$0.24,$0.24,$1517,$274,$191,$2898,$0,$388,$0,$511,$1065,$24325,$7878,$9076,$175,$10019,$17897,$1583,$1208,$0,$6429,$24325,$0,$0,$0,$0,$0,$0,$0,$0,$0,$0,$0,$0,$0,$0,$0,$0,$0,$0,$0,$0,$0,$0,$0,$0,$0,$0,$0,$0,$0
16,2013-03-31,25.5,$0.00,0.0,$62.80,0.41,$-2.77,0.0,$1.87,13.64,$0.00B,$0.00B,0.0,$0.00B,$0.00B,0.0,$12.09B,$12.09B,100.00%,$12.09B,$12.09B,100.00%,$12.09B,$12.09B,100.00%,$12.09B,$12.09B,100.00%,$12.09B,$12.09B,100.00%,$12.09B,$0.36B,2.95%,$0.36B,$0.00B,11.77%,$0.36B,$0.00B,11.77%,$0.36B,$0.00B,3.24%,$12.09B,$0.00B,178.40%,$3758,$0,$3758,$0,$0,$0,$3758,$0,$3758,$0,$3758,$9,$9,$3758,$3758,$190,190,$0.05,$0.05,$0,$0,$0,$0,$0,$0,$0,$0,$0,$0,$0,$0,$0,$0,$0,$0,$0,$0,$0,$0,$0,$0,$0,$0,$0,$0,$0,$0,$0,$0,$0,$0,$0,$0,$0,$0,$0,$0,$0,$0,$0,$0,$0,$0,$0,$0,$0,$0,$0
17,2012-12-31,23.01,$0.00,0.0,$43.02,0.53,$-2.77,0.0,$1.82,12.65,$2.66B,$7.73B,0.34,$7.87B,$6.31B,1.25,$8.34B,$8.34B,100.00%,$8.34B,$8.34B,100.00%,$8.34B,$8.34B,100.00%,$8.34B,$8.34B,100.00%,$8.34B,$8.34B,100.00%,$8.34B,$0.35B,4.18%,$0.35B,$6.31B,7.74%,$0.35B,$6.31B,7.74%,$0.35B,$22.61B,2.17%,$8.34B,$14.17B,84.09%,$3442,$0,$3442,$0,$0,$0,$3442,$0,$3442,$0,$3442,$64,$64,$3442,$3442,$202,202,$0.32,$0.32,$1600,$271,$120,$2664,$0,$36,$0,$871,$1101,$22607,$7734,$7866,$154,$8568,$16302,$1558,$1212,$0,$6306,$22607,$755,$1328,$0,$1328,$0,$0,$0,$0,$188,$1864,$-2423,$0,$13,$0,$0,$0,$474,$-1936,$0,$702,$-315,$0,$0,$-315,$34,$106,$35,$0,$0
18,2012-09-30,19.53,$0.00,0.0,$25.94,0.75,0,0.0,$4.00,4.88,$0.00B,$0.00B,0.0,$0.00B,$0.00B,0.0,$4.89B,$4.89B,100.00%,$4.89B,$4.89B,100.00%,$4.89B,$4.89B,100.00%,$4.89B,$4.89B,100.00%,$4.89B,$4.89B,100.00%,$4.89B,$0.77B,15.80%,$0.77B,$0.00B,26.47%,$0.77B,$0.00B,26.47%,$0.77B,$0.00B,7.44%,$4.89B,$0.00B,76.82%,$4893,$0,$4893,$0,$0,$0,$4893,$0,$4893,$0,$4893,$284,$284,$4893,$4893,$189,189,$1.50,$1.50,$0,$0,$0,$0,$0,$0,$0,$0,$0,$0,$0,$0,$0,$0,$0,$0,$0,$0,$0,$0,$0,$0,$0,$0,$0,$0,$0,$0,$0,$0,$0,$0,$0,$0,$0,$0,$0,$0,$0,$0,$0,$0,$0,$0,$0,$0,$0,$0,$0
19,2012-06-30,19.64,$0.00,0.0,0,0.0,0,0.0,$2.50,7.86,$3.02B,$7.86B,0.38,$7.12B,$5.83B,1.22,$0.00B,0,nan%,$0.00B,0,nan%,$0.00B,0,nan%,$0.00B,0,nan%,$0.00B,0,nan%,$0.00B,$0.49B,inf%,$0.49B,$5.83B,11.47%,$0.49B,$5.83B,11.47%,$0.49B,$21.49B,3.28%,$0.00B,$12.94B,0.00%,$0,$0,$0,$0,$0,$0,$0,$0,$0,$0,$0,$0,$0,$0,$0,$0,0,$0.00,$0.00,$1936,$261,$408,$3016,$0,$321,$0,$542,$1043,$21491,$7863,$7117,$171,$7802,$15665,$1556,$884,$0,$5826,$21491,$0,$0,$0,$0,$0,$0,$0,$0,$0,$0,$0,$0,$0,$0,$0,$0,$0,$0,$0,$0,$0,$0,$0,$0,$0,$0,$0,$0,$0
20,2011-12-31,21.29,$0.00,0.0,0,0.0,0,0.0,$3.50,6.08,$3.02B,$6.88B,0.44,$6.68B,$5.86B,1.14,$0.00B,0,nan%,$0.00B,0,nan%,$0.00B,0,nan%,$0.00B,0,nan%,$0.00B,0,nan%,$0.00B,$0.68B,inf%,$0.68B,$5.86B,24.13%,$0.68B,$5.86B,9.58%,$0.68B,$20.06B,4.91%,$0.00B,$12.53B,0.00%,$0,$0,$0,$0,$0,$0,$0,$0,$0,$0,$0,$0,$0,$0,$0,$0,0,$0.00,$0.00,$1540,$251,$897,$3020,$0,$36,$0,$736,$973,$20059,$6884,$6679,$196,$7319,$14203,$1522,$1104,$0,$5855,$20059,$1074,$1203,$0,$1203,$0,$0,$0,$0,$596,$1946,$237,$0,$-6,$0,$0,$0,$-3635,$-3403,$0,$1434,$0,$0,$0,$-19,$-42,$1373,$-84,$0,$0
21,2011-09-30,18.84,$0.00,0.0,$50.06,0.38,$-1.09,0.0,$3.94,4.78,$0.00B,$0.00B,0.0,$0.00B,$0.00B,0.0,$11.31B,$11.31B,100.00%,$11.31B,$11.31B,100.00%,$11.31B,$11.31B,100.00%,$11.31B,$11.31B,100.00%,$11.31B,$11.31B,100.00%,$11.31B,$0.78B,6.87%,$0.78B,$0.00B,31.60%,$0.78B,$0.00B,11.57%,$0.78B,$0.00B,6.02%,$11.31B,$0.00B,240.81%,$0,$0,$0,$0,$0,$0,$0,$0,$0,$0,$0,$489,$489,$0,$0,$195,195,$2.50,$2.50,$0,$0,$0,$0,$0,$0,$0,$0,$0,$0,$0,$0,$0,$0,$0,$0,$0,$0,$0,$0,$0,$0,$0,$0,$0,$0,$0,$0,$0,$0,$0,$0,$0,$0,$0,$0,$0,$0,$0,$0,$0,$0,$0,$0,$0,$0,$0,$0,$0
22,2011-06-30,22.62,$0.00,0.0,$50.06,0.45,$-1.09,0.0,$4.44,5.09,$2.83B,$5.76B,0.49,$4.24B,$5.37B,0.79,$11.31B,$11.31B,100.00%,$11.31B,$11.02B,97.43%,$11.31B,$11.02B,97.43%,$11.31B,$11.02B,97.43%,$11.31B,$11.96B,105.72%,$11.31B,$0.74B,6.52%,$0.74B,$5.37B,29.36%,$0.74B,$5.37B,9.81%,$0.74B,$18.11B,5.35%,$11.02B,$9.61B,231.90%,$0,$0,$0,$0,$0,$0,$0,$0,$0,$0,$0,$0,$0,$0,$0,$0,0,$0.00,$0.00,$1718,$228,$171,$2831,$0,$38,$0,$631,$776,$18107,$5762,$4243,$2288,$6978,$12740,$1512,$3066,$0,$5367,$18107,$0,$0,$0,$0,$0,$0,$0,$0,$0,$0,$0,$0,$0,$0,$0,$0,$0,$0,$0,$0,$0,$0,$0,$0,$0,$0,$0,$0,$0
23,2011-03-31,18.6,$0.00,0.0,$62.28,0.3,$-1.09,0.0,$5.02,3.71,$0.00B,$0.00B,0.0,$0.00B,$0.00B,0.0,$13.82B,$13.82B,100.00%,$13.82B,$13.53B,97.89%,$13.82B,$13.53B,97.89%,$13.82B,$13.53B,97.89%,$13.82B,$14.47B,104.68%,$13.82B,$0.86B,6.20%,$0.86B,$0.00B,49.25%,$0.86B,$17.04B,12.70%,$0.86B,$17.04B,6.55%,$13.53B,$0.00B,327.48%,$0,$0,$0,$0,$0,$0,$0,$0,$0,$0,$0,$188,$188,$0,$0,$188,188,$1.00,$1.00,$0,$0,$0,$0,$0,$0,$0,$0,$0,$17038,$0,$0,$0,$0,$0,$0,$0,$0,$0,$0,$0,$0,$0,$0,$0,$0,$0,$0,$0,$0,$0,$0,$0,$0,$0,$0,$0,$0,$0,$0,$0,$0,$0,$0,$0,$0,$0,$0,$0
24,2010-12-31,25.52,$0.00,0.0,$62.28,0.41,$-1.09,0.0,$5.52,4.62,$2.35B,$4.78B,0.49,$4.71B,$4.47B,1.06,$13.82B,$13.82B,100.00%,$13.82B,$13.53B,97.89%,$13.82B,$13.53B,97.89%,$13.82B,$13.53B,97.89%,$13.82B,$14.47B,104.68%,$13.82B,$0.88B,6.35%,$0.88B,$4.47B,50.46%,$0.88B,$4.47B,35.30%,$0.88B,$16.45B,9.95%,$13.53B,$9.18B,327.48%,$11314,$0,$11314,$0,$0,$0,$11314,$0,$11314,$0,$11314,$100,$100,$11314,$11314,$226,226,$0.44,$0.44,$1539,$200,$106,$2346,$0,$36,$0,$569,$753,$16451,$4781,$4714,$2081,$7202,$11983,$1452,$396,$0,$4469,$16451,$1197,$1055,$0,$1055,$0,$0,$0,$0,$-89,$1692,$-1938,$0,$-5,$0,$0,$-0,$232,$-1711,$0,$-425,$0,$0,$1564,$0,$-223,$915,$896,$0,$0
25,2010-09-30,24.27,$0.00,0.0,$61.67,0.39,$-5.18,0.0,$5.27,4.61,$2.96B,$0.28B,10.64,$0.00B,$0.22B,0.0,$10.52B,$10.52B,100.00%,$10.52B,$10.23B,97.23%,$10.52B,$10.23B,97.23%,$10.52B,$10.23B,97.23%,$10.52B,$11.17B,106.15%,$10.52B,$0.81B,7.68%,$0.81B,$0.22B,80.64%,$0.81B,$3.21B,46.18%,$0.81B,$3.57B,9.87%,$10.23B,$0.22B,316.08%,$0,$0,$0,$0,$291,$291,$-291,$0,$647,$157,$490,$450,$450,$-291,$-291,$150,150,$3.00,$3.00,$1204,$1460,$0,$2959,$0,$0,$81,$469,$610,$3569,$278,$0,$0,$0,$278,$0,$220,$0,$220,$498,$0,$0,$0,$0,$0,$0,$0,$0,$0,$0,$0,$0,$0,$0,$0,$0,$0,$0,$0,$0,$0,$0,$0,$0,$0,$0,$0,$0,$0
26,2010-06-30,17.31,$0.00,0.0,$61.67,0.28,$-5.18,0.0,$2.56,6.76,$1.79B,$5.79B,0.31,$4.85B,$2.27B,2.14,$10.52B,$10.52B,100.00%,$10.52B,$10.52B,100.00%,$10.52B,$10.52B,100.00%,$10.52B,$10.52B,100.00%,$10.52B,$10.52B,100.00%,$10.52B,$0.40B,3.80%,$0.40B,$2.27B,42.24%,$0.40B,$2.27B,42.24%,$0.40B,$15.29B,5.48%,$10.52B,$7.12B,330.69%,$2506,$0,$2506,$0,$0,$0,$2506,$0,$2506,$0,$2506,$119,$119,$2506,$2506,$205,205,$0.58,$0.58,$956,$195,$109,$1793,$0,$35,$0,$400,$524,$15290,$5790,$4852,$1996,$7229,$13019,$1176,$648,$0,$2271,$15290,$0,$0,$0,$0,$0,$0,$0,$0,$0,$0,$0,$0,$0,$0,$0,$0,$0,$0,$0,$0,$0,$0,$0,$0,$0,$0,$0,$0,$0
27,2010-03-31,18.69,$0.00,0.0,$49.46,0.38,$-5.18,0.0,$1.79,10.44,$0.00B,$0.00B,0.0,$0.00B,$0.00B,0.0,$8.02B,$8.02B,100.00%,$8.02B,$8.02B,100.00%,$8.02B,$8.02B,100.00%,$8.02B,$8.02B,100.00%,$8.02B,$8.02B,100.00%,$8.02B,$0.25B,3.14%,$0.25B,$0.00B,33.92%,$0.25B,$0.00B,33.92%,$0.25B,$0.00B,3.72%,$8.02B,$0.00B,284.75%,$0,$0,$0,$0,$0,$0,$0,$0,$0,$0,$0,$209,$209,$0,$0,$139,139,$1.50,$1.50,$0,$0,$0,$0,$0,$0,$0,$0,$0,$0,$0,$0,$0,$0,$0,$0,$0,$0,$0,$0,$0,$0,$0,$0,$0,$0,$0,$0,$0,$0,$0,$0,$0,$0,$0,$0,$0,$0,$0,$0,$0,$0,$0,$0,$0,$0,$0,$0,$0
28,2009-12-31,12.9,$0.00,0.0,$49.46,0.26,$-12.85,0.0,$-5.06,0.0,$1.42B,$5.59B,0.25,$4.09B,$1.52B,2.69,$8.02B,$8.02B,100.00%,$8.02B,$8.02B,100.00%,$8.02B,$8.02B,100.00%,$8.02B,$8.02B,100.00%,$8.02B,$8.02B,100.00%,$8.02B,$-0.65B,-8.11%,$-0.65B,$1.52B,-65.28%,$-0.65B,$1.52B,-65.28%,$-0.65B,$13.89B,-6.65%,$8.02B,$5.60B,195.65%,$8015,$0,$8015,$0,$0,$0,$8015,$0,$8015,$0,$8015,$30,$30,$8015,$8015,$162,162,$0.19,$0.19,$637,$184,$189,$1416,$0,$38,$0,$385,$493,$13890,$5585,$4086,$1904,$6788,$12373,$1173,$344,$0,$1517,$13890,$63,$886,$0,$886,$0,$0,$0,$0,$571,$1313,$-2153,$0,$-1,$0,$0,$19,$12,$-2122,$0,$843,$0,$0,$437,$0,$-516,$764,$-45,$0,$0
29,2009-09-30,13.23,$0.00,0.0,0,0.0,$-7.66,0.0,$-6.25,0.0,$0.00B,$0.00B,0.0,$0.00B,$0.00B,0.0,$0.00B,0,nan%,$0.00B,0,nan%,$0.00B,0,nan%,$0.00B,0,nan%,$0.00B,0,nan%,$0.00B,$-0.80B,inf%,$-0.80B,$0.00B,-129.44%,$-0.80B,$0.00B,-129.44%,$-0.80B,$0.00B,-12.68%,$0.00B,$0.00B,0.00%,$0,$0,$0,$0,$0,$0,$0,$0,$0,$0,$0,$42,$42,$0,$0,$142,142,$0.29,$0.29,$0,$0,$0,$0,$0,$0,$0,$0,$0,$0,$0,$0,$0,$0,$0,$0,$0,$0,$0,$0,$0,$0,$0,$0,$0,$0,$0,$0,$0,$0,$0,$0,$0,$0,$0,$0,$0,$0,$0,$0,$0,$0,$0,$0,$0,$0,$0,$0,$0
30,2009-06-30,11.69,$0.00,0.0,0,0.0,$-7.66,0.0,$-8.54,0.0,$1.47B,$5.42B,0.27,$4.20B,$1.46B,2.89,$0.00B,0,nan%,$0.00B,0,nan%,$0.00B,0,nan%,$0.00B,0,nan%,$0.00B,0,nan%,$0.00B,$-1.08B,inf%,$-1.08B,$1.46B,-99.52%,$-1.08B,$1.46B,-92.50%,$-1.08B,$13.22B,-11.52%,$0.00B,$5.66B,0.00%,$0,$0,$0,$0,$0,$0,$0,$0,$0,$0,$0,$-29,$-29,$0,$0,$152,152,$-0.19,$-0.19,$693,$175,$93,$1466,$0,$65,$0,$440,$548,$13221,$5420,$4200,$1808,$6346,$11766,$962,$-502,$0,$1455,$13221,$0,$0,$0,$0,$0,$0,$0,$0,$0,$0,$0,$0,$0,$0,$0,$0,$0,$0,$0,$0,$0,$0,$0,$0,$0,$0,$0,$0,$0
31,2008-12-31,7.1,$0.00,0.0,0,0.0,$-7.66,0.0,$-8.35,0.0,$1.33B,$5.98B,0.22,$4.12B,$1.01B,4.07,$0.00B,0,nan%,$0.00B,0,nan%,$0.00B,0,nan%,$0.00B,0,nan%,$0.00B,0,nan%,$0.00B,$-1.05B,inf%,$-1.05B,$1.01B,-93.39%,$-1.05B,$1.01B,-87.02%,$-1.05B,$11.96B,-11.98%,$0.00B,$5.13B,0.00%,$0,$0,$0,$0,$0,$0,$0,$0,$0,$0,$0,$-693,$-693,$0,$0,$130,130,$-5.35,$-5.35,$677,$177,$91,$1332,$0,$40,$0,$402,$466,$11958,$5981,$4116,$162,$4966,$10947,$945,$66,$0,$1011,$11958,$-680,$838,$0,$838,$0,$0,$0,$0,$329,$166,$-1159,$0,$0,$0,$0,$28,$10,$-1122,$0,$1104,$0,$0,$0,$0,$-30,$1074,$119,$0,$0
32,2008-09-30,8.12,$0.00,0.0,0,0.0,0,0.0,$-1.00,0.0,$0.00B,$0.00B,0.0,$0.00B,$0.00B,0.0,$0.00B,0,nan%,$0.00B,0,nan%,$0.00B,0,nan%,$0.00B,0,nan%,$0.00B,0,nan%,$0.00B,$-0.11B,inf%,$-0.11B,$0.00B,-12.80%,$-0.11B,$0.00B,-11.70%,$-0.11B,$0.00B,-1.93%,$0.00B,$0.00B,0.00%,$0,$0,$0,$0,$0,$0,$0,$0,$0,$0,$0,$-118,$-118,$0,$0,$118,118,$-1.00,$-1.00,$0,$0,$0,$0,$0,$0,$0,$0,$0,$0,$0,$0,$0,$0,$0,$0,$0,$0,$0,$0,$0,$0,$0,$0,$0,$0,$0,$0,$0,$0,$0,$0,$0,$0,$0,$0,$0,$0,$0,$0,$0,$0,$0,$0,$0,$0,$0,$0,$0
33,2008-06-30,11.04,$0.00,0.0,0,0.0,0,0.0,$0.52,21.22,$1.48B,$6.57B,0.23,$3.18B,$1.88B,1.69,$0.00B,0,nan%,$0.00B,0,nan%,$0.00B,0,nan%,$0.00B,0,nan%,$0.00B,0,nan%,$0.00B,$0.06B,inf%,$0.06B,$1.88B,4.46%,$0.06B,$2.21B,4.19%,$0.06B,$12.38B,0.68%,$0.00B,$5.06B,0.00%,$0,$0,$0,$0,$0,$0,$0,$0,$0,$0,$0,$-242,$-242,$0,$0,$121,121,$-2.00,$-2.00,$740,$186,$93,$1475,$0,$48,$0,$392,$489,$12384,$6571,$3180,$135,$3600,$10171,$630,$1253,$0,$1883,$12384,$0,$0,$0,$0,$0,$0,$0,$0,$0,$0,$0,$0,$0,$0,$0,$0,$0,$0,$0,$0,$0,$0,$0,$0,$0,$0,$0,$0,$0
34,2007-12-31,36.5,$0.00,0.0,0,0.0,0,0.0,$2.52,14.48,$1.16B,$5.62B,0.21,$2.90B,$1.62B,1.79,$0.00B,0,nan%,$0.00B,0,nan%,$0.00B,0,nan%,$0.00B,0,nan%,$0.00B,0,nan%,$0.00B,$0.30B,inf%,$0.30B,$1.62B,25.16%,$0.30B,$1.62B,25.16%,$0.30B,$10.82B,3.90%,$0.00B,$4.51B,0.00%,$0,$0,$0,$0,$0,$0,$0,$0,$0,$0,$0,$0,$0,$0,$0,$0,0,$0.00,$0.00,$505,$160,$94,$1160,$0,$70,$0,$366,$438,$10815,$5623,$2895,$121,$3575,$9199,$577,$1039,$0,$1616,$10815,$386,$743,$0,$743,$0,$0,$0,$0,$297,$907,$-688,$0,$2,$0,$0,$24,$22,$-639,$0,$307,$-399,$0,$0,$0,$31,$-61,$206,$0,$0
35,2007-09-30,42.94,$0.00,0.0,0,0.0,0,0.0,$2.52,17.04,$0.00B,$0.00B,0.0,$0.00B,$0.00B,0.0,$0.00B,0,nan%,$0.00B,0,nan%,$0.00B,0,nan%,$0.00B,0,nan%,$0.00B,0,nan%,$0.00B,$0.30B,inf%,$0.30B,$0.00B,27.92%,$0.30B,$0.00B,27.92%,$0.30B,$0.00B,4.10%,$0.00B,$0.00B,0.00%,$0,$0,$0,$0,$0,$0,$0,$0,$0,$0,$0,$248,$248,$0,$0,$124,124,$2.00,$2.00,$0,$0,$0,$0,$0,$0,$0,$0,$0,$0,$0,$0,$0,$0,$0,$0,$0,$0,$0,$0,$0,$0,$0,$0,$0,$0,$0,$0,$0,$0,$0,$0,$0,$0,$0,$0,$0,$0,$0,$0,$0,$0,$0,$0,$0,$0,$0,$0,$0
