,Date,Stock Price,Book Value per Share,Price to Book Ratio,TTM Sales per Share,Price to Sales Ratio,TTM FCF per Share,Price to FCF Ratio,TTM Net EPS,PE Ratio,Current Assets,Current Liabilities,Current Ratio,Long Term Debt,Shareholder's Equity_x,Debt to Equity Ratio,TTM Revenue_x,TTM Gross Profit,Gross Margin,TTM Revenue_y,TTM Operating Income,Operating Margin,TTM Revenue_x,TTM EBIT,EBIT Margin,TTM Revenue_y,TTM EBITDA,EBITDA Margin,TTM Revenue_x,TTM Pre-Tax Income,Pre-Tax Margin,TTM Revenue_y,TTM Net Income_x,Net Margin,TTM Net Income_y,Shareholder's Equity_y,Return on Equity,TTM Net Income_x,Tangible Equity,Return on Tangible Equity,TTM Net Income_y,Total Assets,Return on Assets,TTM Net Income,LT Investments & Debt,Return on Investment,revenue,cost-goods-sold,gross-profit,research-development-expenses,selling-general-administrative-expenses,operating-expenses,operating-income,total-non-operating-income-expense,pre-tax-income,total-provision-income-taxes,income-after-taxes,income-from-continuous-operations,net-income,ebitda,ebit,basic-shares-outstanding,shares-outstanding,eps-basic-net-earnings-per-share,eps-earnings-per-share-diluted,cash-on-hand,inventory,other-current-assets,total-current-assets,net-property-plant-equipment,long-term-investments,goodwill-intangible-assets-total,other-long-term-assets,total-long-term-assets,total-assets,total-current-liabilities,long-term-debt,other-non-current-liabilities,total-long-term-liabilities,total-liabilities,common-stock-net,retained-earnings-accumulated-deficit,comprehensive-income,total-share-holder-equity,total-liabilities-share-holders-equity,net-income-loss,total-depreciation-amortization-cash-flow,other-non-cash-items,total-non-cash-items,change-in-accounts-receivable,change-in-inventories,change-in-accounts-payable,change-in-assets-liabilities,total-change-in-assets-liabilities,cash-flow-from-operating-activities,net-change-in-property-plant-equipment,net-change-in-intangible-assets,net-acquisitions-divestitures,net-change-in-short-term-investments,net-change-in-long-term-investments,net-change-in-investments-total,investing-activities-other,cash-flow-from-investing-activities,net-long-term-debt,net-current-debt,debt-issuance-retirement-net-total,net-common-equity-issued-repurchased,net-total-equity-issued-repurchased,total-common-preferred-stock-dividends-paid,financial-activities-other,cash-flow-from-financial-activities,net-cash-flow,stock-based-compensation,common-stock-dividends-paid
0,2018-09-30,91.56,$4.40,20.79,$11.70,7.83,$6.24,14.67,$2.38,38.47,$4.08B,$1.00B,4.06,$6.44B,$2.12B,3.04,$5.72B,$3.90B,68.12%,$5.72B,$1.70B,29.75%,$5.72B,$1.90B,33.19%,$5.72B,$2.17B,37.91%,$5.72B,$1.70B,29.75%,$5.72B,$1.16B,20.35%,$1.16B,$2.12B,59.23%,$1.16B,$-2.54B,-90.83%,$1.16B,$10.46B,12.81%,$1.70B,$8.56B,23.34%,$1480,$473,$1007,$108,$367,$1062,$418,$0,$418,$71,$347,$347,$347,$556,$472,$482,486,$0.72,$0.71,$1391,$1441,$315,$4076,$1556,$0,$4657,$97,$6383,$10459,$1003,$6441,$451,$7338,$8341,$5,$3067,$-619,$2118,$10459,$1079,$207,$-93,$114,$37,$29,$-39,$-108,$13,$1206,$-192,$0,$-1992,$0,$0,$0,$-1,$-2185,$1485,$0,$1485,$-548,$-548,$-183,$-24,$730,$-278,$36,$-183
1,2018-06-30,85.06,$4.11,20.7,$11.39,7.47,$5.37,15.84,$2.28,37.31,$4.24B,$0.97B,4.38,$4.96B,$1.98B,2.5,$5.59B,$3.80B,68.04%,$5.59B,$1.70B,30.37%,$5.59B,$1.88B,33.70%,$5.59B,$2.13B,38.06%,$5.59B,$1.70B,30.37%,$5.59B,$1.12B,19.95%,$1.12B,$1.98B,57.46%,$1.12B,$-0.76B,-130.56%,$1.12B,$8.60B,12.68%,$1.70B,$6.94B,24.62%,$1415,$447,$968,$102,$359,$978,$437,$0,$437,$55,$382,$382,$384,$546,$483,$484,488,$0.79,$0.79,$1558,$1420,$288,$4239,$1470,$0,$2739,$75,$4364,$8603,$967,$4955,$470,$5654,$6621,$5,$2722,$-543,$1982,$8603,$732,$123,$-89,$34,$-9,$-23,$-28,$-138,$-110,$656,$-118,$0,$0,$0,$0,$0,$-3,$-121,$0,$0,$0,$-405,$-405,$-122,$-6,$-533,$-6,$22,$-122
2,2018-03-31,83.26,$4.07,20.44,$11.05,7.53,$4.69,17.77,$1.99,41.84,$4.27B,$1.00B,4.27,$4.95B,$1.98B,2.51,$5.44B,$3.66B,67.31%,$5.44B,$1.61B,29.49%,$5.44B,$1.79B,32.82%,$5.44B,$2.03B,37.23%,$5.44B,$1.61B,29.49%,$5.44B,$0.98B,17.97%,$0.98B,$1.98B,51.98%,$0.98B,$-0.84B,-108.13%,$0.98B,$8.69B,11.38%,$1.61B,$6.93B,24.59%,$1366,$447,$919,$97,$338,$949,$417,$0,$417,$67,$350,$350,$352,$524,$464,$486,490,$0.72,$0.72,$1654,$1441,$229,$4267,$1453,$0,$2812,$78,$4423,$8690,$1000,$4954,$515,$5715,$6715,$5,$2399,$-429,$1975,$8690,$350,$60,$-106,$-46,$60,$-33,$-46,$-59,$85,$389,$-45,$0,$0,$0,$0,$0,$0,$-45,$0,$0,$0,$-190,$-190,$-62,$-10,$-262,$90,$11,$-62
3,2017-12-31,71.71,$3.67,19.52,$10.75,6.67,$4.14,17.32,$1.75,40.98,$4.22B,$1.09B,3.86,$4.95B,$1.79B,2.77,$5.31B,$3.53B,66.55%,$5.31B,$1.53B,28.74%,$5.31B,$1.70B,32.03%,$5.31B,$1.94B,36.59%,$5.31B,$1.53B,28.74%,$5.31B,$0.86B,16.28%,$0.86B,$1.79B,48.09%,$0.86B,$-0.99B,-89.19%,$0.86B,$8.59B,10.37%,$1.53B,$6.74B,24.87%,$1460,$457,$1003,$110,$361,$1030,$430,$0,$430,$350,$80,$80,$81,$543,$480,$490,493,$0.17,$0.16,$1564,$1427,$228,$4217,$1435,$0,$2779,$75,$4369,$8586,$1094,$4953,$373,$5706,$6800,$5,$2109,$-505,$1786,$8586,$862,$242,$271,$513,$-50,$19,$-10,$-73,$-29,$1346,$-187,$0,$-82,$0,$0,$0,$-1,$-270,$481,$0,$481,$-500,$-500,$-206,$-26,$-251,$837,$44,$-206
4,2017-09-30,63.37,$4.14,15.31,$10.35,6.12,$2.97,21.36,$1.90,33.35,$4.89B,$1.75B,2.8,$4.95B,$2.02B,2.45,$5.12B,$3.34B,65.14%,$5.12B,$1.33B,25.88%,$5.12B,$1.49B,29.12%,$5.12B,$1.73B,33.84%,$5.12B,$1.33B,25.88%,$5.12B,$0.94B,18.29%,$0.94B,$2.02B,54.33%,$0.94B,$-0.83B,-91.59%,$0.94B,$9.29B,11.57%,$1.33B,$6.97B,22.33%,$1347,$435,$912,$96,$328,$934,$413,$0,$413,$117,$296,$296,$298,$514,$456,$489,492,$0.61,$0.61,$1981,$1490,$357,$4894,$1388,$0,$2848,$64,$4394,$9288,$1746,$4952,$302,$5523,$7269,$5,$2140,$-455,$2019,$9288,$782,$179,$92,$271,$-58,$-35,$-56,$-239,$-315,$738,$-140,$0,$-82,$0,$0,$0,$6,$-216,$1231,$0,$1231,$-375,$-375,$-155,$15,$716,$1254,$33,$-155
5,2017-06-30,62.0,$3.57,17.39,$10.11,6.13,$2.48,25.04,$1.77,35.03,$3.58B,$1.78B,2.01,$3.72B,$1.75B,2.13,$5.02B,$3.26B,64.91%,$5.02B,$1.25B,24.83%,$5.02B,$1.41B,28.10%,$5.02B,$1.65B,32.96%,$5.02B,$1.25B,24.83%,$5.02B,$0.88B,17.50%,$0.88B,$1.75B,54.21%,$0.88B,$-0.96B,-79.03%,$0.88B,$7.80B,11.40%,$1.25B,$5.47B,21.81%,$1269,$440,$829,$86,$336,$924,$345,$0,$345,$98,$247,$247,$247,$445,$386,$491,494,$0.50,$0.50,$705,$1498,$353,$3584,$1355,$0,$2705,$65,$4218,$7802,$1784,$3719,$292,$4272,$6056,$5,$1843,$-542,$1746,$7802,$486,$121,$77,$198,$-41,$-46,$-66,$-253,$-385,$299,$-92,$0,$-3,$0,$0,$0,$7,$-88,$100,$0,$100,$-250,$-250,$-103,$13,$-240,$-22,$22,$-103
6,2017-03-31,52.85,$3.33,15.88,$9.96,5.3,$2.41,21.91,$1.72,30.73,$3.38B,$1.73B,1.96,$3.72B,$1.64B,2.27,$4.96B,$3.24B,65.30%,$4.96B,$1.23B,24.87%,$4.96B,$1.40B,28.18%,$4.96B,$1.64B,33.12%,$4.96B,$1.23B,24.87%,$4.96B,$0.86B,17.25%,$0.86B,$1.64B,56.04%,$0.86B,$-1.09B,-71.16%,$0.86B,$7.65B,11.20%,$1.23B,$5.35B,21.24%,$1231,$443,$788,$90,$309,$894,$337,$0,$337,$98,$239,$239,$238,$440,$378,$492,495,$0.48,$0.48,$629,$1535,$265,$3383,$1368,$0,$2729,$72,$4266,$7649,$1730,$3718,$294,$4284,$6014,$5,$1651,$-552,$1635,$7649,$239,$62,$55,$117,$-22,$-52,$-37,$-160,$-237,$119,$-42,$0,$-3,$0,$0,$0,$-3,$-48,$0,$0,$0,$-125,$-125,$-52,$1,$-176,$-98,$11,$-52
7,2016-12-31,52.9,$3.04,17.39,$9.80,5.4,$2.42,21.88,$1.65,32.06,$3.39B,$1.12B,3.04,$4.47B,$1.50B,2.98,$4.89B,$3.22B,65.92%,$4.89B,$1.23B,25.12%,$4.89B,$1.39B,28.52%,$4.89B,$1.63B,33.43%,$4.89B,$1.23B,25.12%,$4.89B,$0.82B,16.80%,$0.82B,$1.50B,58.07%,$0.82B,$-1.21B,-63.23%,$0.82B,$7.65B,10.83%,$1.23B,$5.97B,20.89%,$1277,$468,$809,$108,$361,$1046,$231,$0,$231,$77,$154,$154,$154,$335,$272,$496,498,$0.32,$0.31,$727,$1502,$248,$3390,$1381,$0,$2709,$73,$4259,$7649,$1117,$4468,$321,$5033,$6150,$5,$1477,$-598,$1499,$7649,$819,$240,$93,$333,$15,$-101,$-28,$-345,$-439,$713,$-126,$0,$-88,$0,$0,$0,$0,$-214,$-400,$-5,$-405,$-300,$-300,$-188,$-10,$-903,$-427,$37,$-188
8,2016-09-30,51.3,$3.23,15.87,$9.78,5.25,$2.12,24.19,$1.38,37.17,$3.36B,$1.04B,3.24,$4.47B,$1.60B,2.8,$4.89B,$3.19B,65.32%,$4.89B,$1.07B,21.82%,$4.89B,$1.23B,25.16%,$4.89B,$1.46B,29.91%,$4.89B,$1.07B,21.82%,$4.89B,$0.69B,14.10%,$0.69B,$1.60B,52.53%,$0.69B,$-1.18B,-49.77%,$0.69B,$7.72B,9.01%,$1.07B,$6.07B,18.45%,$1241,$410,$831,$90,$345,$908,$333,$0,$333,$96,$237,$237,$239,$434,$374,$495,498,$0.48,$0.48,$651,$1563,$235,$3364,$1382,$0,$2779,$71,$4351,$7715,$1039,$4467,$345,$5078,$6117,$5,$1423,$-506,$1598,$7715,$665,$177,$16,$193,$44,$-133,$-56,$-344,$-431,$427,$-67,$0,$-88,$0,$0,$0,$0,$-155,$-400,$-5,$-405,$-225,$-225,$-141,$-4,$-775,$-503,$28,$-141
9,2016-06-30,46.81,$2.77,16.91,$9.71,4.82,$1.89,24.82,$1.28,36.57,$3.33B,$1.04B,3.2,$4.47B,$1.37B,3.26,$4.86B,$3.15B,64.90%,$4.86B,$1.01B,20.71%,$4.86B,$1.16B,23.82%,$4.86B,$1.38B,28.30%,$4.86B,$1.01B,20.71%,$4.86B,$0.64B,13.15%,$0.64B,$1.37B,52.13%,$0.64B,$-1.32B,-51.69%,$0.64B,$7.52B,8.64%,$1.01B,$5.84B,18.70%,$1208,$399,$809,$88,$343,$876,$332,$0,$332,$108,$224,$224,$224,$433,$373,$496,499,$0.45,$0.45,$658,$1525,$257,$3328,$1341,$0,$2692,$66,$4190,$7518,$1039,$4465,$351,$5108,$6147,$5,$1190,$-554,$1371,$7518,$428,$117,$35,$152,$53,$-87,$-71,$-326,$-392,$188,$-11,$0,$-20,$0,$0,$0,$0,$-31,$-400,$-1,$-401,$-151,$-151,$-94,$-5,$-651,$-496,$19,$-94
10,2016-03-31,43.54,$2.39,18.21,$9.63,4.52,$1.72,25.36,$0.76,57.3,$3.31B,$1.16B,2.84,$4.46B,$1.19B,3.76,$4.83B,$3.09B,64.08%,$4.83B,$0.65B,13.41%,$4.83B,$0.79B,16.29%,$4.83B,$0.99B,20.60%,$4.83B,$0.65B,13.41%,$4.83B,$0.38B,7.83%,$0.38B,$1.19B,31.94%,$0.38B,$-1.48B,-35.28%,$0.38B,$7.45B,5.28%,$0.65B,$5.65B,12.86%,$1162,$389,$773,$90,$315,$830,$332,$0,$332,$128,$204,$204,$204,$432,$375,$497,500,$0.41,$0.41,$675,$1461,$236,$3307,$1317,$0,$2669,$48,$4146,$7453,$1163,$4464,$369,$5103,$6266,$5,$1016,$-618,$1187,$7453,$204,$57,$-29,$28,$21,$-3,$-84,$-229,$-181,$51,$30,$0,$-12,$0,$0,$0,$0,$18,$-400,$-1,$-401,$-76,$-76,$-47,$-19,$-543,$-479,$9,$-47
11,2015-12-31,46.97,$2.19,21.41,$9.50,4.95,$1.59,29.61,$0.68,69.07,$3.83B,$1.78B,2.15,$4.46B,$1.09B,4.09,$4.77B,$3.03B,63.53%,$4.77B,$0.55B,11.44%,$4.77B,$0.67B,14.04%,$4.77B,$0.87B,18.22%,$4.77B,$0.55B,11.44%,$4.77B,$0.34B,7.11%,$0.34B,$1.09B,27.95%,$0.34B,$-1.55B,-39.85%,$0.34B,$7.91B,4.91%,$0.55B,$5.55B,11.46%,$1274,$496,$778,$109,$425,$1205,$69,$0,$69,$49,$20,$20,$22,$162,$107,$500,502,$0.04,$0.04,$1154,$1467,$201,$3830,$1307,$0,$2645,$49,$4083,$7913,$1781,$4463,$314,$5041,$6822,$5,$876,$-622,$1091,$7913,$339,$199,$334,$533,$-58,$-262,$17,$61,$-208,$664,$-222,$0,$-883,$0,$0,$0,$-10,$-1115,$1117,$-2,$1115,$-203,$-203,$-168,$11,$755,$272,$43,$-168
12,2015-09-30,40.29,$2.52,16.01,$9.59,4.2,$1.61,24.99,$0.89,45.27,$3.45B,$1.66B,2.08,$3.23B,$1.25B,2.57,$4.81B,$3.08B,63.98%,$4.81B,$0.63B,13.12%,$4.81B,$0.75B,15.53%,$4.81B,$0.94B,19.62%,$4.81B,$0.63B,13.12%,$4.81B,$0.44B,9.21%,$0.44B,$1.25B,34.76%,$0.44B,$-0.59B,-80.00%,$0.44B,$6.69B,6.74%,$0.63B,$4.48B,13.69%,$1214,$421,$793,$91,$374,$941,$273,$0,$273,$83,$190,$190,$189,$348,$302,$499,502,$0.38,$0.38,$592,$1403,$264,$3450,$1293,$0,$1842,$43,$3236,$6686,$1658,$3226,$321,$3774,$5432,$5,$943,$-562,$1254,$6686,$319,$144,$277,$421,$-150,$-201,$30,$-101,$-354,$386,$-141,$0,$-229,$0,$0,$0,$-8,$-378,$0,$2,$2,$-150,$-150,$-127,$4,$-271,$-290,$31,$-127
13,2015-06-30,47.1,$2.41,19.56,$9.58,4.92,$1.36,34.66,$0.84,56.07,$3.32B,$1.57B,2.11,$3.24B,$1.20B,2.7,$4.81B,$3.06B,63.68%,$4.81B,$0.60B,12.40%,$4.81B,$0.71B,14.81%,$4.81B,$0.91B,18.99%,$4.81B,$0.60B,12.40%,$4.81B,$0.42B,8.74%,$0.42B,$1.20B,32.10%,$0.42B,$-0.66B,-84.98%,$0.42B,$6.60B,6.43%,$0.60B,$4.45B,12.56%,$1175,$427,$748,$84,$379,$1202,$-27,$0,$-27,$9,$-36,$-36,$-37,$52,$2,$500,500,$-0.07,$-0.07,$544,$1417,$235,$3316,$1295,$0,$1864,$58,$3282,$6598,$1572,$3243,$347,$3824,$5396,$5,$795,$-504,$1202,$6598,$129,$98,$258,$356,$-71,$-171,$-2,$-90,$-303,$182,$-89,$0,$-229,$0,$0,$0,$0,$-318,$0,$-2,$-2,$-100,$-100,$-85,$2,$-185,$-338,$21,$-85
14,2015-03-31,45.13,$2.61,17.3,$9.54,4.73,$1.28,35.13,$1.18,38.25,$3.11B,$1.37B,2.27,$3.24B,$1.31B,2.49,$4.79B,$3.06B,63.84%,$4.79B,$0.82B,17.18%,$4.79B,$0.94B,19.60%,$4.79B,$1.14B,23.82%,$4.79B,$0.82B,17.18%,$4.79B,$0.59B,12.38%,$0.59B,$1.31B,44.64%,$0.59B,$-0.60B,-132.51%,$0.59B,$6.43B,9.10%,$0.82B,$4.55B,16.91%,$1102,$394,$708,$80,$354,$872,$230,$0,$230,$65,$165,$165,$165,$306,$258,$501,503,$0.33,$0.33,$559,$1346,$213,$3110,$1301,$0,$1904,$58,$3320,$6430,$1370,$3243,$256,$3755,$5125,$5,$832,$-479,$1305,$6430,$165,$48,$30,$78,$-4,$-77,$-26,$-87,$-183,$60,$-44,$0,$-230,$0,$0,$0,$0,$-274,$0,$-5,$-5,$-48,$-48,$-42,$1,$-94,$-323,$10,$-42
15,2014-12-31,41.87,$2.67,15.7,$9.54,4.39,$1.12,37.49,$1.16,36.1,$3.47B,$1.09B,3.19,$3.62B,$1.34B,2.71,$4.79B,$3.07B,64.12%,$4.79B,$0.82B,17.14%,$4.79B,$0.94B,19.58%,$4.79B,$1.14B,23.85%,$4.79B,$0.82B,17.14%,$4.79B,$0.58B,12.18%,$0.58B,$1.34B,45.65%,$0.58B,$-0.37B,-125.31%,$0.58B,$6.59B,8.96%,$0.82B,$4.96B,16.69%,$1320,$491,$829,$124,$497,$1165,$155,$0,$155,$29,$126,$126,$126,$238,$185,$501,502,$0.25,$0.25,$882,$1289,$205,$3465,$1318,$0,$1703,$48,$3123,$6588,$1086,$3624,$264,$4165,$5251,$5,$709,$-361,$1337,$6588,$587,$204,$84,$288,$69,$-110,$-210,$11,$-249,$626,$-171,$-15,$0,$0,$0,$0,$-1,$-187,$0,$-8,$-8,$0,$0,$-146,$0,$-154,$272,$32,$-146
16,2014-09-30,35.89,$2.77,12.95,$9.41,3.81,$1.22,29.37,$1.12,32.04,$3.35B,$1.00B,3.36,$3.64B,$1.39B,2.62,$4.72B,$3.03B,64.14%,$4.72B,$0.79B,16.76%,$4.72B,$0.91B,19.24%,$4.72B,$1.12B,23.67%,$4.72B,$0.79B,16.76%,$4.72B,$0.56B,11.91%,$0.56B,$1.39B,47.50%,$0.56B,$-0.35B,-96.98%,$0.56B,$6.53B,8.64%,$0.79B,$5.03B,16.39%,$1210,$434,$776,$93,$394,$972,$238,$0,$238,$71,$167,$167,$166,$317,$267,$501,502,$0.33,$0.33,$598,$1388,$204,$3353,$1313,$0,$1739,$67,$3174,$6527,$998,$3642,$233,$4140,$5138,$5,$661,$-240,$1389,$6527,$461,$151,$-36,$115,$39,$-107,$-237,$-78,$-337,$239,$-121,$-15,$0,$0,$0,$0,$-1,$-137,$0,$-5,$-5,$0,$0,$-109,$2,$-112,$-12,$22,$-109
17,2014-06-30,31.28,$2.56,12.21,$9.21,3.4,$1.50,20.9,$1.05,29.79,$3.33B,$1.06B,3.14,$3.64B,$1.28B,2.84,$4.61B,$2.97B,64.38%,$4.61B,$0.74B,16.00%,$4.61B,$0.86B,18.54%,$4.61B,$1.06B,23.05%,$4.61B,$0.74B,16.00%,$4.61B,$0.53B,11.43%,$0.53B,$1.28B,50.07%,$0.53B,$-0.48B,-72.76%,$0.53B,$6.52B,8.19%,$0.74B,$4.93B,15.72%,$1158,$413,$745,$92,$396,$958,$200,$0,$200,$61,$139,$139,$136,$280,$229,$501,502,$0.27,$0.27,$578,$1336,$207,$3327,$1309,$0,$1758,$71,$3195,$6522,$1061,$3642,$222,$4178,$5239,$5,$531,$-199,$1283,$6522,$294,$101,$-2,$99,$24,$-40,$-176,$-103,$-257,$136,$-80,$-15,$0,$0,$0,$0,$0,$-95,$0,$-2,$-2,$0,$0,$-73,$1,$-74,$-32,$13,$-73
18,2014-03-31,27.98,$2.19,12.76,$9.13,3.07,$1.78,15.76,$1.04,26.9,$3.22B,$1.13B,2.86,$3.64B,$1.10B,3.31,$4.57B,$2.92B,63.97%,$4.57B,$0.73B,15.87%,$4.57B,$0.85B,18.50%,$4.57B,$1.05B,23.05%,$4.57B,$0.73B,15.87%,$4.57B,$0.52B,11.36%,$0.52B,$1.10B,55.36%,$0.52B,$-0.67B,-60.79%,$0.52B,$6.40B,8.15%,$0.73B,$4.74B,15.83%,$1097,$379,$718,$87,$356,$870,$227,$0,$227,$72,$155,$155,$155,$306,$256,$500,501,$0.31,$0.31,$506,$1316,$205,$3222,$1292,$0,$1769,$63,$3181,$6403,$1127,$3642,$216,$4177,$5304,$5,$395,$-229,$1099,$6403,$155,$50,$10,$60,$0,$0,$0,$-238,$-238,$-23,$-45,$0,$0,$0,$0,$0,$0,$-45,$0,$1,$1,$0,$0,$-36,$0,$-35,$-104,$5,$-36
19,2013-12-31,31.53,$1.92,16.39,$9.12,3.46,$2.43,12.98,$1.01,31.22,$3.36B,$1.42B,2.37,$3.64B,$0.96B,3.79,$4.56B,$2.89B,63.41%,$4.56B,$0.69B,15.13%,$4.56B,$0.80B,17.61%,$4.56B,$1.01B,22.19%,$4.56B,$0.69B,15.13%,$4.56B,$0.50B,11.05%,$0.50B,$0.96B,59.73%,$0.50B,$-0.82B,-52.21%,$0.50B,$6.56B,7.99%,$0.69B,$4.60B,15.39%,$1254,$466,$788,$121,$458,$1128,$126,$0,$126,$22,$104,$104,$105,$214,$156,$500,500,$0.21,$0.21,$610,$1293,$219,$3357,$1295,$0,$1785,$58,$3201,$6558,$1415,$3642,$217,$4181,$5596,$5,$276,$-219,$962,$6558,$503,$209,$94,$303,$-99,$-178,$-82,$225,$-125,$681,$-175,$0,$0,$0,$0,$0,$-4,$-179,$2625,$16,$2641,$0,$0,$-98,$-2743,$-200,$293,$43,$-98
