,Date,Stock Price,Book Value per Share,Price to Book Ratio,TTM Sales per Share,Price to Sales Ratio,TTM FCF per Share,Price to FCF Ratio,TTM Net EPS,PE Ratio,Current Assets,Current Liabilities,Current Ratio,Long Term Debt,Shareholder's Equity_x,Debt to Equity Ratio,TTM Revenue_x,TTM Gross Profit,Gross Margin,TTM Revenue_y,TTM Operating Income,Operating Margin,TTM Revenue_x,TTM EBIT,EBIT Margin,TTM Revenue_y,TTM EBITDA,EBITDA Margin,TTM Revenue_x,TTM Pre-Tax Income,Pre-Tax Margin,TTM Revenue_y,TTM Net Income_x,Net Margin,TTM Net Income_y,Shareholder's Equity_y,Return on Equity,TTM Net Income_x,Tangible Equity,Return on Tangible Equity,TTM Net Income_y,Total Assets,Return on Assets,TTM Net Income,LT Investments & Debt,Return on Investment,revenue,cost-goods-sold,gross-profit,research-development-expenses,selling-general-administrative-expenses,operating-expenses,operating-income,total-non-operating-income-expense,pre-tax-income,total-provision-income-taxes,income-after-taxes,income-from-continuous-operations,net-income,ebitda,ebit,basic-shares-outstanding,shares-outstanding,eps-basic-net-earnings-per-share,eps-earnings-per-share-diluted,cash-on-hand,inventory,other-current-assets,total-current-assets,net-property-plant-equipment,long-term-investments,goodwill-intangible-assets-total,other-long-term-assets,total-long-term-assets,total-assets,total-current-liabilities,long-term-debt,other-non-current-liabilities,total-long-term-liabilities,total-liabilities,common-stock-net,retained-earnings-accumulated-deficit,comprehensive-income,total-share-holder-equity,total-liabilities-share-holders-equity,net-income-loss,total-depreciation-amortization-cash-flow,other-non-cash-items,total-non-cash-items,change-in-accounts-receivable,change-in-inventories,change-in-accounts-payable,change-in-assets-liabilities,total-change-in-assets-liabilities,cash-flow-from-operating-activities,net-change-in-property-plant-equipment,net-change-in-intangible-assets,net-acquisitions-divestitures,net-change-in-short-term-investments,net-change-in-long-term-investments,net-change-in-investments-total,investing-activities-other,cash-flow-from-investing-activities,net-long-term-debt,net-current-debt,debt-issuance-retirement-net-total,net-common-equity-issued-repurchased,net-total-equity-issued-repurchased,total-common-preferred-stock-dividends-paid,financial-activities-other,cash-flow-from-financial-activities,net-cash-flow,stock-based-compensation,common-stock-dividends-paid
0,2018-06-30,9.74,$2.96,3.3,0,0.0,$-5.68,0.0,$-3.03,0.0,$0.05B,$0.01B,4.34,$0.00B,$0.04B,0.0,$0.00B,0,nan%,$0.00B,$-0.04B,inf%,$0.00B,$-0.04B,inf%,$0.00B,$-0.04B,inf%,$0.00B,$-0.04B,inf%,$0.00B,$-0.04B,inf%,$-0.04B,$0.04B,-74.07%,$-0.04B,$0.04B,-74.07%,$-0.04B,$0.05B,-62.99%,$-0.04B,$0.04B,-75.93%,$0,$0,$0,$9,$3,$12,$-12,$-0,$-12,$0,$-12,$-12,$-12,$-12,$-12,$14,14,$-0.89,$-0.89,$43,$0,$0,$49,$0,$0,$0,$1,$3,$52,$11,$0,$0,$1,$12,$0,$-102,$0,$40,$52,$-24,$0,$3,$3,$-2,$0,$3,$-0,$2,$-19,$-0,$0,$0,$0,$0,$0,$0,$-0,$0,$0,$0,$0,$0,$0,$0,$0,$-19,$3,$0
1,2018-03-31,8.69,$3.71,2.34,0,0.0,$-5.43,0.0,$-2.78,0.0,$0.06B,$0.01B,6.51,$0.00B,$0.05B,0.0,$0.00B,0,nan%,$0.00B,$-0.04B,inf%,$0.00B,$-0.04B,inf%,$0.00B,$-0.04B,inf%,$0.00B,$-0.04B,inf%,$0.00B,$-0.04B,inf%,$-0.04B,$0.05B,-58.30%,$-0.04B,$0.05B,-58.30%,$-0.04B,$0.06B,-51.25%,$-0.04B,$0.05B,-59.92%,$0,$0,$0,$9,$3,$12,$-12,$0,$-12,$0,$-12,$-12,$-12,$-12,$-12,$13,13,$-0.91,$-0.91,$52,$0,$0,$58,$0,$0,$0,$1,$2,$60,$9,$0,$0,$1,$10,$0,$-90,$0,$50,$60,$-12,$0,$2,$2,$-1,$0,$1,$-0,$0,$-10,$-0,$0,$0,$0,$0,$0,$0,$-0,$0,$0,$0,$0,$0,$0,$0,$0,$-10,$2,$0
2,2017-12-31,12.52,$4.50,2.78,0,0.0,$-5.30,0.0,$-2.47,0.0,$0.07B,$0.01B,9.17,$0.00B,$0.06B,0.0,$0.00B,0,nan%,$0.00B,$-0.03B,inf%,$0.00B,$-0.03B,inf%,$0.00B,$-0.03B,inf%,$0.00B,$-0.03B,inf%,$0.00B,$-0.03B,inf%,$-0.03B,$0.06B,-45.09%,$-0.03B,$0.06B,-45.09%,$-0.03B,$0.07B,-40.52%,$-0.03B,$0.06B,-48.00%,$0,$0,$0,$6,$2,$8,$-8,$0,$-8,$0,$-8,$-8,$-8,$-8,$-8,$13,13,$-0.61,$-0.61,$63,$0,$0,$68,$0,$0,$0,$1,$1,$69,$7,$0,$0,$1,$8,$0,$-78,$0,$61,$69,$-32,$0,$6,$6,$-0,$0,$1,$-0,$0,$-26,$-0,$0,$0,$0,$0,$0,$0,$-0,$0,$0,$0,$58,$58,$0,$-0,$58,$32,$6,$0
3,2017-09-30,8.36,$4.88,1.71,0,0.0,$-5.55,0.0,$-2.58,0.0,$0.07B,$0.01B,8.65,$0.00B,$0.07B,0.0,$0.00B,0,nan%,$0.00B,$-0.03B,inf%,$0.00B,$-0.03B,inf%,$0.00B,$-0.03B,inf%,$0.00B,$-0.03B,inf%,$0.00B,$-0.03B,inf%,$-0.03B,$0.07B,-49.18%,$-0.03B,$0.07B,-49.18%,$-0.03B,$0.07B,-43.80%,$-0.03B,$0.07B,-52.46%,$0,$0,$0,$6,$3,$9,$-9,$0,$-8,$0,$-8,$-8,$-8,$-9,$-9,$13,13,$-0.63,$-0.63,$66,$0,$0,$73,$0,$0,$0,$0,$0,$73,$8,$0,$0,$0,$8,$0,$-70,$0,$65,$73,$-24,$0,$4,$4,$-0,$0,$1,$-1,$0,$-19,$-0,$0,$0,$0,$0,$0,$0,$-0,$0,$0,$0,$55,$55,$0,$-0,$55,$35,$4,$0
4,2017-06-30,16.97,$5.37,3.16,0,0.0,$-5.77,0.0,$-2.62,0.0,$0.08B,$0.01B,9.72,$0.00B,$0.07B,0.0,$0.00B,0,nan%,$0.00B,$-0.03B,inf%,$0.00B,$-0.03B,inf%,$0.00B,$-0.03B,inf%,$0.00B,$-0.03B,inf%,$0.00B,$-0.03B,inf%,$-0.03B,$0.07B,-53.33%,$-0.03B,$0.07B,-53.33%,$-0.03B,$0.08B,-47.26%,$-0.03B,$0.07B,-55.24%,$0,$0,$0,$6,$3,$8,$-8,$0,$-8,$0,$-8,$-8,$-8,$-8,$-8,$13,13,$-0.64,$-0.64,$70,$0,$0,$76,$0,$0,$0,$0,$3,$79,$8,$0,$0,$0,$8,$0,$-62,$0,$71,$79,$-16,$0,$3,$3,$-3,$0,$0,$-0,$-2,$-15,$-0,$0,$0,$0,$0,$0,$0,$-0,$0,$0,$0,$55,$55,$0,$-0,$55,$39,$3,$0
5,2017-03-31,20.1,$5.88,3.42,0,0.0,$-5.65,0.0,$-2.68,0.0,$0.08B,$0.01B,12.01,$0.00B,$0.08B,0.0,$0.00B,0,nan%,$0.00B,$-0.03B,inf%,$0.00B,$-0.03B,inf%,$0.00B,$-0.03B,inf%,$0.00B,$-0.03B,inf%,$0.00B,$-0.03B,inf%,$-0.03B,$0.08B,-61.18%,$-0.03B,$0.08B,-61.18%,$-0.03B,$0.09B,-53.61%,$-0.03B,$0.08B,-63.53%,$0,$0,$0,$5,$2,$8,$-8,$0,$-7,$0,$-7,$-7,$-7,$-8,$-8,$12,12,$-0.60,$-0.60,$77,$0,$0,$83,$0,$0,$0,$0,$1,$85,$7,$0,$0,$0,$7,$0,$-53,$0,$78,$85,$-7,$0,$1,$1,$-1,$0,$-1,$-0,$-2,$-8,$-0,$0,$0,$0,$0,$0,$0,$-0,$0,$0,$0,$54,$54,$0,$0,$54,$47,$1,$0
6,2016-12-31,15.59,$2.96,5.27,$0.00,0.0,$-5.54,0.0,$-2.57,0.0,$0.04B,$0.01B,5.23,$0.00B,$0.03B,0.0,$0.00B,0,nan%,$0.00B,$-0.02B,inf%,$0.00B,$-0.02B,inf%,$0.00B,$-0.02B,inf%,$0.00B,$-0.02B,inf%,$0.00B,$-0.02B,inf%,$-0.02B,$0.03B,-71.88%,$-0.02B,$0.03B,-71.88%,$-0.02B,$0.04B,-62.16%,$-0.02B,$0.03B,-71.88%,$0,$0,$0,$5,$2,$7,$-7,$-0,$-7,$0,$-7,$-7,$-7,$-7,$-7,$9,9,$-0.72,$-0.72,$31,$0,$0,$36,$0,$0,$0,$0,$0,$37,$7,$0,$0,$0,$7,$0,$-46,$0,$30,$37,$-23,$0,$3,$3,$-3,$0,$1,$-0,$-0,$-20,$-0,$0,$0,$0,$0,$0,$0,$-0,$0,$0,$0,$10,$10,$0,$0,$10,$-11,$3,$0
7,2016-09-30,13.05,$3.21,4.07,$0.01,1097.92,$-5.52,0.0,$-2.48,0.0,$0.04B,$0.01B,7.18,$0.00B,$0.03B,0.0,$0.00B,0,nan%,$0.00B,$-0.02B,inf%,$0.00B,$-0.02B,inf%,$0.00B,$-0.02B,inf%,$0.00B,$-0.02B,inf%,$0.00B,$-0.02B,inf%,$-0.02B,$0.03B,-60.87%,$-0.02B,$0.03B,-60.87%,$-0.02B,$0.04B,-54.19%,$-0.02B,$0.03B,-60.87%,$0,$0,$0,$5,$1,$6,$-6,$0,$-6,$0,$-6,$-6,$-6,$-6,$-6,$9,9,$-0.67,$-0.67,$32,$0,$0,$36,$0,$0,$0,$0,$1,$36,$5,$0,$0,$0,$5,$0,$-39,$0,$31,$36,$-16,$0,$2,$2,$-2,$0,$1,$-0,$-1,$-15,$-0,$0,$0,$0,$0,$0,$0,$-0,$0,$0,$0,$5,$5,$0,$0,$5,$-10,$2,$0
8,2016-06-30,6.85,$3.34,2.05,$0.04,152.66,$-4.96,0.0,$-2.47,0.0,$0.04B,$0.01B,7.07,$0.00B,$0.03B,0.0,$0.00B,0,nan%,$0.00B,$-0.02B,inf%,$0.00B,$-0.02B,inf%,$0.00B,$-0.02B,inf%,$0.00B,$-0.02B,inf%,$0.00B,$-0.02B,inf%,$-0.02B,$0.03B,-50.33%,$-0.02B,$0.03B,-50.33%,$-0.02B,$0.04B,-45.78%,$-0.02B,$0.03B,-50.33%,$0,$0,$0,$5,$1,$6,$-6,$-0,$-6,$-0,$-6,$-6,$-6,$-6,$-6,$9,9,$-0.70,$-0.70,$32,$0,$0,$36,$0,$0,$0,$0,$0,$36,$5,$0,$0,$0,$5,$0,$-33,$0,$31,$36,$-11,$0,$2,$2,$-1,$0,$2,$-0,$-0,$-9,$-0,$0,$0,$0,$0,$0,$0,$-0,$0,$0,$0,$0,$0,$0,$0,$0,$-9,$2,$0
